2917 4709
508 167 659 249 388
1150 217 1155 220 -
1302 177 1385 247 Τ.
1492 163 1886 250 L1v11‘

708 415 805 508 24
830 411 1012 485 itum
1036 428 1472 486 tentaturus.
1531 415 1872 504 Perseus,
1911 413 2115 511 quod
2138 413 2213 484 in
2243 411 2478 484 oculis
2502 429 2689 501 erat,

444 530 601 611 PJut.
619 532 682 588 in
696 531 809 590 Ae-
836 533 943 622 [id
984 549 1229 598 tantum
1266 537 1562 618 cogitans
1586 577 1602 608 ‚
1649 536 1730 598 ad
1757 537 2204 622 repellendum
2243 557 2316 598 ea
2351 549 2537 620 parte
2570 536 2693 598 ho-

414 599 539 676 ¹³²¹¹·
835 640 992 705 stem
1034 663 1289 704 omnem
1322 666 1540 706 curam
1576 643 1989 717 intendebat,
2035 643 2202 704 nihil
2233 643 2408 704 aliud
2445 644 2704 706 sollici-.

480 727 486 748 ⁸
834 767 962 816 tus.
1050 753 1314 812 Interim
1360 753 1437 812 P.
1485 754 1712 816 Nasica
1757 769 1900 810 cum
1941 749 2246 811 attributa
2305 749 2430 811 sibi
2497 771 2690 812 manu

835 878 1066 926 versus
1112 879 1289 920 mare
1335 859 1727 921 Heracleum
1769 854 2148 938 profectus,
2222 856 2554 941 postquam
2609 877 2693 919 eo

838 965 1184 1048 pervenit,
1230 964 1423 1044 jussis
1474 984 1754 1048 corpora
1794 982 2023 1023 curare
2056 961 2395 1034 militibus,
2436 978 2700 1025 noctem

838 1069 1261 1152 exspectavit.
1344 1075 1512 1131 Tum
1565 1091 1720 1134 vera
1759 1067 2060 1130 'consulis
2105 1069 2394 1130 mandata
2435 1071 2694 1153 praeci-

834 1175 983 1258 puis
1020 1173 1256 1259 ducum
1291 1177 1626 1259 exposuit,
1665 1196 1772 1249 ac„
1821 1175 2054 1260 primis
2089 1194 2158 1234 se
2193 1156 2692 1237 intendentibus

834 1279 1133 1342 tenebris
1168 1279 1339 1344 flexo
1378 1283 1460 1344 ad
1495 1297 1779 1344 montem
1810 1283 2085 1353 itinere,
2133 1277 2213 1341 ad
2246 1281 2544 1364 Pythium
2561 1323 2584 1359 ,¹
2621 1295 2698 1344 ut

836 1385 1224 1469 imperatum
1264 1404 1440 1462 erat,
1515 1389 1734 1474 copias
1779 1389 2044 1451 silentio
2084 1380 2284 1448 du'cit.
2369 1385 2494 1446 Ubi
2533 1405 2693 1448 ven-

834 1473 971 1553 tum
1010 1492 1089 1554 ad
1115 1513 1426 1556 summum
1459 1516 1767 1557 cacumen
1806 1494 1914 1569 est,
1960 1491 2136 1578 quod
2164 1493 2390 1555 decem
2422 1495 2696 1577 amplius

838 1595 1029 1660 stadia
1070 1601 1139 1661 in
1198 1584 1603 1665 altitudinem
1661 1604 1985 1686 assurgit,
2042 1601 2328 1684 fatigatis
2382 1601 2697 1664 militibus

469 1717 660 1796 supra
683 1741 811 1798 cap,
842 1705 1089 1789 aliquid
1124 1710 1442 1792 requietis
1491 1708 1728 1771 datum.
1811 1711 1958 1771 Hoc
1994 1710 2251 1793 jugum,
2313 1724 2383 1771 ut
2419 1723 2563 1771 ante
2594 1709 2693 1771 di-

428 1785 525 1846 δ’·
701 1801 717 1832 ¹
847 1825 1020 1873 ctum
1058 1811 1168 1886 est,
1214 1815 1398 1889 Milo,
1446 1829 1514 1878 et
1546 1814 1890 1888 Histiaeus,
1937 1829 2002 1876 et
2041 1816 2430 1898 Theogenes
2471 1837 2506 1877 a
2531 1819 2699 1878 Per-

844 1938 957 1980 seo
996 1919 1181 1980 missi
1226 1939 1370 1984 cum
1412 1923 1700 2006 quinque
1736 1923 2022 1984 millibus
2071 1921 2498 1984 Macedonum
2531 1924 2703 1986 obti-

454 2025 608 2108 Plut.
836 2026 1111 2088 nebant:
1172 2027 1289 2089 sed
1332 2043 1504 2092 tanta
1541 2031 1944 2112 negligentia
1980 2031 2185 2112 regiis
2226 2029 2498 2090 ducibus
2533 2043 2697 2103 erat,

456 2146 668 2201 Nasiaae
714 2150 801 2204 de-
830 2147 901 2196 ut
966 2153 1157 2195 nemo
1222 2134 1582 2200 adventare
1640 2139 1970 2200 Romanos
2023 2137 2326 2200 senserit.
2435 2136 2702 2220 Sopitos

370 2217 725 2350 pfr'zztffigfn
846 2260 1198 2323 aggressus
1231 2243 1464 2306 Nasica
1501 2243 1582 2305 de
1635 2244 1788 2326 jugo
1841 2247 2034 2308 facile
2068 2245 2308 2326 dejecit
2331 2285 2347 2316 ‚
2419 2243 2474 2303 si
2507 2243 2708 2322 Poly-

386 2353 756 2412 Macedonum.
837 2347 950 2408 bio
992 2347 1177 2410 fides·
1266 2354 1413 2433 Ipse
1460 2353 1634 2411 enim
1673 2355 1908 2417 Nasica
1951 2355 2016 2413 in
2059 2349 2322 2434 epistola
2357 2348 2436 2408 ad
2477 2369 2706 2429 quem-

838 2454 979 2516 dam
1011 2478 1234 2540 regem
1273 2459 1468 2538 longe
1503 2457 1691 2518 aliter
1739 2479 1883 2520 nem
1931 2469 2169 2518 narrat.
2256 2464 2545 2517 Montem
2596 2479 2701 2515 ar-

768 2595 782 2606 „
832 2561 959 2618 duo
995 2581 1260 2621 ascensu
1279 2562 1512 2635 fuisse,
1550 2563 1661 2620 sed
1698 2560 2180 2629 incustoditum,
2218 2562 2313 2616 ita
2349 2569 2420 2616 ut
2457 2562 2703 2619 saltum

834 2675 1140 2730 occupare
1192 2657 1375 2714 nullo
1426 2659 1686 2731 negotio
1753 2659 2098 2730 potuisset,
2157 2657 2292 2722 pisi
2356 2657 2701 2730 transfuga

836 2751 1149 2832 Cretensis·
1180 2771 1259 2808 ex
1289 2754 1389 2818 iis,
1449 2770 1601 2826 quos
1633 2769 1840 2808 secum
1878 2749 2181 2816 ducebat,
2219 2749 2306 2806 ad
2332 2751 2562 2826 Persea
2596 2769 2703 2808 cu-

837 2845 1153 2910 currisset,
1196 2863 1457 2917 eumque
1495 2845 1836 2914 docuisset,
1873 2843 2029 2915 quid
2066 2853 2388 2919 ageretur.
2456 2844 2699 2916 Regem

776 2983 785 2994 ,
833 2937 1039 3006 ipsum
1097 2937 1347 3009 quidem
1380 2941 1686 2996 mansisse
1728 2942 1796 2996 in
1833 2941 2097 3012 castris,
2157 2936 2269 2994 sed
2300 2921 2543 2992 misisse
2569 2934 2700 2992 duo

840 3027 1292 3098 Macedonum,
1340 3031 1552 3090 decem
1587 3033 2014 3090 auxiliarium
2041 3031 2278 3101 millia,
2324 3029 2573 3086 Milone
2591 3028 2708 3085 du·

840 3140 909 3177 ce
933 3158 949 3185 ‚
1007 3122 1092 3179 ad
1122 3126 1554 3197 occupandum
1594 3125 1857 3182 saltum.
1925 3126 2080 3181 Cum
2109 3123 2208 3182 his
2243 3127 2556 3181 acerrima
2590 3143 2705 3198 pu:-

762 3262 770 3278 ,
840 3227 974 3290 gna
1028 3219 1094 3272 in
1142 3237 1386 3276 summo
1425 3218 1595 3294 jugo
1649 3238 2017 3276 concursum
2073 3238 2243 3285 esse,
2303 3227 2489 3291 atque
2540 3219 2706 3273 inter

847 3310 984 3366 alia
1033 3330 1165 3368 sese
1218 3333 1256 3369 α
1320 3312 1559 3370 Thrace
1604 3313 1809 3369 milite
1847 3313 2030 3386 ferro
2080 3314 2467 3396 appetitum,
2524 3309 2718 3387 quem*

844 3405 979 3475 ipse
1034 3404 1266 3464 adacta
1317 3418 1455 3482 per·
1471 3415 1690 3479 pectus
1740 3405 1926 3464 hasta
1983 3408 2403 3486 tran-fixerit.
2503 3406 2709 3462 Victus

527 3607 669 3646 nov.
724 3593 827 3666 qui
869 3595 1197 3672 degressus
1246 3598 1468 3669 eaelidit3
1526 3613 1585 3656 et
1723 3599 1881 3667 §.24
1922 3599 2199 3664 Perseus,
2239 3591 2490 3667 quadiu
2517 3595 2714 3654 oculis

528 3674 730 3726 recte,
772 3672 834 3715 ut
862 3685 1025 3735 puto.
1100 3667 1394 3722 Videntur
1430 3671 1584 3721 enim
1661 3677 1813 3730 erat]
1877 3670 2001 3723 Jam
2041 3671 2404 3742 aggress'urus
2451 3679 2576 3720 erat
2626 3668 2715 3718 di-

528 3731 708 3784 eastra
730 3729 993 3789 Romana
1021 3738 1080 3790 in
1115 3737 1369 3790 collibus
1400 3739 1590 3802 fuiffe,
1661 3755 1818 3800 cere,
1837 3737 2315 3809 quemadmodum
2339 3741 2581 3791 Perseus
2603 3735 2718 3788 Na-

529 3800 630 3868 qui
666 3807 681 3818 ⁴
722 3801 982 3860 annatim
1021 3821 1225 3858 versus
1271 3821 1431 3860 mare
1489 3807 1587 3858 de·
1661 3806 1814 3860 sicae
1845 3817 1904 3858 et
1934 3807 2152 3868 Fabio,
2207 3808 2305 3878 qni
2341 3823 2472 3858 cum
2506 3819 2716 3875 magna

530 3884 664 3921 scen
714 3869 1148 3926 ebant.Adcam
1168 3885 1394 3943 partem
1412 3891 1590 3943 quum
1662 3892 1858 3937 manu,
1896 3875 2168 3930 Perseum
2205 3879 2276 3927 ab
2309 3875 2420 3926 alia
2455 3883 2618 3944 parte
2650 3881 2720 3924 ut

530 3938 738 3989 consul
772 3954 832 3991 se
870 3942 1193 4004 conferret,
1235 3943 1455 3996 rectius
1490 3943 1590 3996 de·
1663 3942 2079 4006 adorirentur,
2120 3943 2263 3996 miss‘i
2305 3955 2506 4004 erant,
2544 3940 2716 4002 obsti-

529 4022 814 4078 gressuS,
849 4023 1022 4076 quam
1058 4009 1406 4082 digressus,
1440 4010 1591 4064 dici·
1663 4011 1826 4064 terit.
1889 4013 1960 4066 Et
1982 4014 2121 4065 haec
2155 4014 2169 4064 ἰ
2219 4012 2337 4066 ‘tur
2374 4009 2728 4064 desiderans

532 4085 651 4128 tur.
706 4077 779 4126 V.
815 4077 889 4129 ad
916 4081 973 4142 4,
1010 4096 1096 4144 17,
1129 4097 1213 4132 ιι.
1254 4117 1259 4123 -
1661 4091 1799 4150 tur,
1853 4089 1910 4135 et
1951 4097 2158 4154 querna
2205 4077 2442 4134 modum
2481 4077 2721 4134 Paullus
