2917 4709
506 178 666 282 '196
983 263 986 268 ,
1087 193 1092 200 ’
1315 177 1407 247 Τ.
1508 169 1843 247 L·1V11

1005 389 1008 394 .
1083 371 1095 388 «
1870 364 1883 372 -
2186 369 2207 392 .
2427 343 2445 382 w

831 429 942 471 sea
984 429 1067 470 ne
1108 406 1539 481 conflaretur,
1583 397 1753 468 neve
1796 404 1878 466 de
1916 421 2157 478 summa
2192 418 2412 462 rerum
2448 400 2679 462 decer-

828 519 1131 578 neretur:
1167 516 1252 576 At
1285 525 1513 575 exorto
1542 512 1721 574 bello
1750 509 2049 574 statuerat
2077 528 2158 570 ex
2176 506 2471 572 foederis
2490 526 2682 588 prae-

835 623 1084 706 scripto
1127 625 1456 683 Romanos
1502 619 1762 699 juvare:
1826 615 2091 701 praeter
2130 610 2427 675 foederis
2471 621 2685 674 autem

833 728 1019 811 leges
1059 727 1224 788 nihil
1263 727 1437 788 ultro
1478 725 1738 800 facere,
1796 742 2014 809 neque
2052 719 2331 801 obsequi
2371 711 2685 782 indecoie

840 848 907 894 et
944 833 1250 915 turpiter.
1327 834 1645 896 Turbavit
1682 833 1845 894 haec
1882 827 2157 892 consilia
2183 824 2515 905 Charopus
2544 826 2690 908 qui-

466 929 664 1018 Supra
691 941 781 1007 3²,
841 941 1026 1015 dam,
1087 941 1228 1021 ejus
1265 939 1579 1023 Charopi,
1644 939 1759 1022 qui
1803 916 2031 1000 saltum
2076 933 2156 994 ad
2191 933 2404 994 Aoum
2442 953 2693 994 amnem

436 1034 522 1070 ¹¹⁶
638 1035 645 1061 ‘
843 1051 922 1108 Τ.
963 1048 1236 1129 Quintio
1285 1060 1511 1108 contra
1553 1045 1933 1129 Philippum
1984 1039 2254 1132 bellanti
2310 1054 2689 1126 aperuerat,

467 1147 676 1228 P015b·
729 1154 787 1200 Β*
845 1173 1054 1235 nepos
1077 1195 1094 1225 ,
1131 1151 1306 1213 .vilis
1343 1133 1787 1234 potentiorum
1825 1116 2220 1220 affentator,
2253 1159 2322 1208 et
2354 1149 2557 1209 mirus
2590 1167 2697 1209 ca-

434 1219 579 1274 ¹3²⁰
619 1213 1235 1320 '¹³¹³'1umniarum
1277 1258 1342 1318 in
1382 1260 1696 1342 optimum
1743 1242 2073 1342 quemque
2112 1253 2368 1316 artifex.
2450 1258 2697 1329 Romae

853 1365 1162 1427 educatus
1205 1365 1457 1438 fuerat,
1520 1365 1736 1426 miss'us
1777 1365 1857 1425 ab
1894 1383 2012 1430 avo
2048 1362 2117 1422 in
2150 1361 2411 1438 urbem,
2468 1375 2539 1422 ut
2575 1362 2700 1422 lin-

855 1491 1045 1554 guam
1069 1473 1421 1532 Romanam
1453 1468 1811 1556 literasque
1833 1469 2264 1553 perdisceret.
2309 1468 2482 1528 Hinc
2508 1482 2702 1530 notus

858 1585 1194 1659 carusque
1223 1574 1526 1658 plurimis
1561 1554 2033 1648 Romanorum,
2099 1595 2293 1656 quum
2336 1575 2707 1638 revertiss’et

857 1681 1158 1755 domum,
1201 1694 1428 1743 natura
1468 1683 1657 1758 levis,
1706 1696 1771 1745 et
1807 1684 2075 1767 ingenio
2111 1702 2371 1764 pravus,
2419 1701 2611 1764 quum
2641 1695 2709 1742 et
2788 1683 2795 1691 '

856 1775 1143 1850 Romana
1185 1788 1246 1849 ei
1287 1790 1569 1851 amicitia
1602 1790 1855 1854 faceret
1890 1791 2137 1851 animos
2159 1831 2177 1863 ‚
2236 1789 2572 1872 principes
2609 1787 2710 1847 vi-

784 1963 788 1972 ,
859 1916 973 1957 ros
1010 1913 1217 1978 usque
1255 1899 1608 1962 allatrabat.
1686 1897 1819 1962 Sed
1864 1897 2078 1980 primo
2115 1885 2599 1977 despiciebatur
2631 1893 2710 1954 ab

866 2002 1202 2077 omnibuS,
1245 2025 1368 2066 nec
1403 2005 1532 2065 ulla
1570 2003 1707 2084 ejus
1736 2005 1903 2066 ratio
1928 2004 2305 2065 habebatur.
2372 1997 2713 2083 Postquam

867 2122 1080 2171 autem
1117 2111 1360 2172 bellum
1397 2107 1739 2172 Persicum
1778 2107 2124 2178 conflatum
2160 2107 2283 2180 est,
2342 2127 2535 2192 quum
2573 2107 2717 2189 ple-

868 2236 952 2276 na
1005 2217 1216 2279 omnia
1267 2217 1713 2300 suspicionum
1763 2216 1832 2278 in
1878 2216 2152 2279 Graecia
2196 2216 2434 2287 effent‚
2496 2213 2739 2280 multis,

869 2324 1115 2406 palam,
1175 2323 1473 2406 pluribus
1512 2324 1765 2384 occulte
1797 2326 2050 2384 Perseo
2089 2319 2524 2394 studentibus,
2586 2340 2721 2382 non

874 2428 1113 2492 destitit
1149 2411 1485 2512 Charopus
1532 2448 1685 2502 eos,
1753 2429 1866 2514 qui
1919 2428 2301 2491 auctoritate
2349 2429 2523 2488 in‘ter
2558 2427 2723 2510 Epi-

877 2546 1054 2596 rotas
1105 2531 1537 2617 praestabant,
1601 2536 1772 2620 apud
1816 2539 2142 2607 Romanos
2196 2533 2552 2598 criminari.
2628 2527 2727 2596 Et

883 2641 1169 2724 speciem
1223 2641 1557 2723 quamdam
1604 2644 2025 2726 coloremque
2079 2643 2269 2705 dabat
2310 2642 2449 2722 ejus
2487 2640 2729 2705 calum-

836 2805 842 2816 ,
881 2745 1014 2807 niis
1062 2766 1136 2808 ea
1183 2746 1619 2820 necessitudo‚
1679 2769 1843 2832 quae
1888 2749 2046 2810 olim
2082 2749 2368 2832 Cephalo
2416 2749 2733 2811 caeteris·-

831 2873 836 2880 ·
887 2871 1016 2936 que
1055 2852 1343 2914 eamdem
1380 2869 1621 2917 sectam
1656 2855 2080 2938 sequentibus
2118 2875 2260 2916 cum
2294 2857 2563 2941 regibus
2590 2860 2735 2916 Ma·
2796 2922 2800 2929 ,

890 2956 1209 3020 cedonum
1258 2959 1493 3026 fuerat.
1578 2967 1718 3026 Jam
1764 2983 1924 3028 vero
1983 2964 2194 3025 omnia
2243 2964 2505 3025 illorum
2560 2961 2735 3024 dicta

891 3065 1186 3153 factaque
1233 3069 1527 3154 maligne·
1572 3073 1955 3156 explorans,
2028 3085 2094 3134 et
2134 3072 2201 3133 in
2244 3072 2431 3156 pejus
2472 3091 2737 3154 semper

893 3173 1326 3260 detorquens,
1401 3179 1873 3262 veritatemque
1932 3177 2202 3258 adjectis
2255 3178 2736 3260 detractisque,

896 3301 1059 3365 quae
1103 3283 1432 3359 voluerat,
1494 3285 1899 3360 adulterans,
1960 3284 2157 3349 fidem
2203 3286 2590 3350 criminibus
2641 3284 2745 3346 fa-

897 3388 1132 3451 ciebat.
1214 3393 1444 3473 Neque
1484 3391 1586 3453 his
1626 3405 1842 3455 tamen
1881 3395 2451 3457 commovebantur
2486 3389 2745 3474 Cepha-

898 3494 1001 3556 lus
1041 3509 1108 3558 et
1142 3496 1228 3570 ii,
1274 3499 1388 3582 qui
1420 3499 1796 3562 eorumdem
1838 3503 1907 3566 in
1945 3499 2281 3585 republica
2314 3498 2749 3562 consiliorum

821 3665 832 3678 ,
903 3603 1069 3664 socii
1107 3619 1320 3678 erant,
1364 3599 1525 3670 freti
1562 3610 1831 3693 egregia
1870 3607 2285 3670 conscientia·
2304 3606 2594 3668 illibatae
2636 3623 2751 3664 er-

905 3729 989 3794 ga
1021 3715 1346 3774 Romanos
1393 3710 1576 3775 fidei.
1662 3715 1910 3780 Verum
1950 3716 2065 3778 ubi
2101 3714 2234 3792 illis
2274 3709 2755 3776 criminationi-

903 3813 1027 3882 bus
1066 3838 1287 3880 aurem
1321 3821 1643 3902 praehere
1676 3824 2003 3885 Romanos
2044 3833 2423 3894 senserunt,
2466 3829 2533 3880 et
2568 3816 2761 3902 prin-

910 3925 1093 4010 cipes
1124 3924 1434 4010 quosdam
1464 3928 1847 3990 Aetolorum
1866 3972 1882 4003 ,
1928 3947 2093 4014 quos
2129 3927 2379 4013 pariter
2410 3939 2763 4011 suspectos

911 4037 1206 4101 fecerant
1245 4033 1757 4100 obtrectatorum
1775 4031 1779 4042 '
1798 4036 2153 4110 calumniae
2171 4079 2191 4112 ‚
2244 4039 2517 4104 Romam
2555 4033 2763 4100 abdu-

703 767 712 784 x

663 789 668 808 Ι
728 793 755 817 N.
