2917 4709
870 208 939 278 ι,
962 206 997 278 1
1016 210 1076 280 B
1100 206 1167 279 R
1188 206 1227 277 1
1300 202 1592 281 vau.
2191 205 2338 310 637

140 450 319 511 stas
374 442 709 511 continet.
838 444 1179 510 Consules
1236 461 1427 539 anno
1487 444 2051 532 quingentesimo
2112 466 2339 517 nona-

138 570 437 657 gesimo
501 555 895 637 octavo'ab
937 556 1446 647 urbecondita
1489 565 2062 657 magistratum,
2132 586 2338 655 pera-

143 697 296 763 ctis
344 696 703 779 comitiis,
756 695 1325 781 insequenti-sque
1368 694 1540 759 anni
1578 694 1994 771 consulibus
2045 695 2338 778 creatis,

144 823 341 889 inire
382 824 777 905 coeperunt.
882 803 1235 885 Mutandi
1279 819 1573 884 comitia
1605 836 1874 885 caussa
1900 820 2086 904 fuit,
2141 811 2348 907 q'uo‘d

148 913 473 1031 Hispani
519 942 986 1009 rebellabant.
1090 943 1396 1031 Legati,
1481 940 1583 1009 od
1632 938 2188 1029 disceptandum
2231 946 2344 1011 in-

100 1105 105 1113 ·
143 1078 268 1138 ter
313 1069 796 1137 Masinissam
840 1073 909 1133 et
956 1065 1600 1157 Karthaginienses
1641 1069 1892 1154 missi,
1959 1070 2342 1168 renuncia·
2415 1136 2419 1141 .

147 1289 485 1345 oscitanter
508 1286 650 1339 olim
675 1301 707 1338 a
725 1284 987 1341 librariis
1006 1285 1214 1340 exscri-

200 1358 435 1413 toribus
464 1354 940 1426 praetermissum
958 1390 975 1420 ‚
1014 1366 1071 1409 et
1098 1372 1216 1409 una

178 1428 364 1490 itera,
404 1424 478 1477 ah
507 1423 634 1475 aliis
659 1425 846 1493 postea
877 1422 1092 1488 addita,
1126 1440 1216 1476 su·

148 1492 405 1569 pel-flua·
438 1492 530 1545 est.
584 1492 786 1559 Itaque
830 1492 1019 1544 lucem
1064 1489 1218 1545 haud

151 1563 487 1632 vulgarem,
516 1558 576 1611 ni
592 1559 784 1625 fallor,
818 1558 1104 1627 sententia
1128 1576 1216 1611 ac-

153 1632 372 1704 cipiet,
420 1627 469 1681 si
500 1626 747 1679 verbum
783 1626 1051 1681 amissum
1082 1626 1217 1681 loco

152 1698 465 1756 restituere
487 1732 503 1759 ‚
559 1704 617 1747 et
664 1696 743 1749 ita
787 1696 983 1767 legere
1032 1695 1218 1751 visum

157 1769 310 1822 erit:
341 1764 814 1836 magistratum,
835 1766 1109 1834 peractis
1127 1782 1197 1819 co

155 1833 367 1893 mitiis
397 1830 769 1901 deposuere,
817 1832 1220 1905 insequentis·

156 1922 280 1979 que
323 1901 474 1954 anni
513 1900 796 1956 consules
830 1902 1027 1955 creati
1063 1901 1222 1954 inire

158 1975 515 2043 coeperunt.
568 1967 757 2043 Quum
786 1967 965 2039 igitur
990 1966 1052 2019 hi
1084 1985 1219 2020 con·

156 2042 315 2095 eules
334 2037 405 2112 Q.
426 2037 663 2089 Fulvius
689 2046 747 2089 et
770 2041 840 2092 Τ.
860 2035 1082 2089 Annius
1098 2034 1221 2107 pri·

156 2108 240 2161 :mi
277 2108 407 2161 Ral.
440 2103 728 2159 Januariis
766 2103 1007 2159 inierint
1042 2102 1217 2174 magi·

160 2176 397 2231 stratum
424 2188 618 2238 suum,
651 2182 716 2224 ut
735 2170 1116 2228 Cassiodorus
1138 2187 1217 2225 te·

158 2244 367 2308 statur,
408 2241 505 2361 (gli
543 2239 667 2313 dies
700 2240 1003 2311 deincepS‚
1042 2242 1219 2293 stante

160 2310 415 2383 imperio
482 2326 711 2375 omann,
726 2308 997 2361 solemnis
1016 2308 1215 2361 ineun-

158 2377 251 2433 dis
286 2376 681 2432 consulatibus
726 2376 1039 2429 ordinariis
1129 2392 1195 2429 er

157 2447 390 2512 mansit,
420 2462 657 2499 necesse
676 2446 777 2513 est,
804 2443 962 2517 quod
1037 2485 1051 2498 .
1129 2444 1219 2514 pi-

154 2515 307 2569 :mius
328 2525 388 2568 et
413 2516 509 2572 M?
529 2512 797 2578 Glabrio,
836 2530 1019 2566 consu
1042 2530 1103 2567 es
1122 2531 1222 2565 an.

162 2584 225 2637 ni
246 2580 585 2654 superioris,
604 2580 727 2653 (qui
748 2599 779 2634 a
793 2580 957 2633 Livio
974 2600 1219 2635 nxcvnt.

82 2655 87 2663 “
163 2650 329 2705 urbis
348 2650 588 2717 dicitur)
610 2660 742 2702 ante
770 2660 999 2721 tempus
1025 2649 1087 2702 in
1106 2650 1221 2703 fine

161 2718 505 2773 Decembris
565 2718 870 2771 consulatu
930 2717 1219 2783 abierint,

88 2796 97 2803 '
166 2805 335 2860 quem
363 2787 437 2840 ad
466 2784 601 2839 Idus
636 2803 819 2858 usque
852 2786 1093 2841 Martias
1126 2801 1221 2857 ge·

161 2874 297 2909 rere
359 2856 480 2909 rius
496 2854 787 2909 solebant.
825 2854 1133 2911 PIGHIUS
1158 2853 1220 2907 in

162 2923 327 2977 Anna
354 2963 369 2979 .
416 2922 491 2977 ad
530 2922 599 2974 A.
633 2926 709 2978 V.
752 2940 870 2976 mc.
962 2940 1053 2995 ag.
1080 2927 1212 2991 432.

166 2994 303 3049 Tria
342 2991 550 3063 priora
591 2990 877 3045 vocabula
954 3002 1123 3045 esunt
1154 2992 1218 3044 in

165 3060 299 3115 Exc.
329 3058 557 3114 Pithoei
578 3076 596 3124 3
652 3054 756 3111 sed
795 3061 989 3114 omnia
1022 3077 1121 3113 sex
1157 3058 1219 3111 in

168 3130 322 3185 Vols.
352 3125 518 3182 Le'id.
550 3128 726 3197 Berg.
750 3126 893 3180 Lov.
912 3146 964 3181 2.
987 3126 1214 3182 Boend.

172 3206 229 3249 et
255 3195 345 3249 ed.
372 3196 575 3265 Camp.
616 3194 1098 3265 Supplementum
1122 3194 1217 3249 Pi-

206 3262 283 3315 hii
312 3263 397 3319 ad.
412 3262 732 3333 marginem
761 3262 911 3316 Livii
939 3262 1221 3334 probavit

204 3350 288 3386 ac.
304 3331 665 3389 Perizonius.
701 3334 923 3385 Verum
943 3332 1138 3403 primo
1160 3330 1221 3384 in

170 3420 241 3456 eo
261 3418 378 3455 non
396 3409 799 3455 memorantur
811 3399 1109 3453 Kalendae
1124 3399 1219 3453 Ja-

168 3468 404 3524 nuariae
426 3505 444 3538 ‚
497 3467 709 3541 quibus
750 3468 889 3521 novi
914 3468 1219 3535 consuleS,

170 3546 229 3592 et
249 3535 456 3591 deinde
484 3553 693 3591 corum
714 3553 1080 3591 successores
1100 3553 1218 3589 om-

170 3622 287 3671 nes,
323 3606 611 3659 honorem
631 3603 919 3659 inierunt·
960 3600 1121 3677 quod
1139 3614 1221 3661 et-

172 3673 283 3727 iam
311 3672 528 3729 Clariis.
554 3673 826 3727 Dukerus
861 3692 897 3726 o
944 3672 1219 3727 servavit.

173 3738 415 3806 Deinde,
442 3742 703 3812 quamvis
734 3740 793 3795 in
818 3752 1061 3797 auctore
1085 3740 1221 3812 Epi..

174 3817 457 3861 tomarum
501 3809 594 3862 vix
638 3808 951 3883 elegantias
986 3810 1220 3881 linguae

254 3874 533 3930 aerendas
573 3874 910 3946 existimem,
966 3876 1217 3932 admisso

158 3946 197 3999 'i
240 3962 273 3997 o
313 3944 719 4017 supplemento
759 3944 855 4001 vix
892 3957 1087 4001 tamen
1112 3944 1233 4013 vad-⁴

174 4012 320 4065 mitti
364 4008 551 4085 posse
586 4008 823 4065 videtur
868 4014 1221 4081 vocabulum

83 4143 89 4148 ,
174 4080 383 4150 creati,
420 4078 775 4157 quodpiam
794 4096 1218 4154 supervasum

340 4182 357 4217 Ι

1286 1302 1355 1340 ac
1419 1282 1646 1339 utidum
1673 1286 1847 1341 etiam
1873 1281 2149 1341 existimo.
2179 1282 2342 1340 nod.

1286 1355 1438 1409 wel.
1493 1354 1553 1407 in
1602 1354 1822 1409 Chron.
1878 1356 2337 1409 Graeco-Rom.

1286 1440 1435 1495 quae
1448 1422 1728 1492 Dionysio
1743 1422 1928 1477 Halic.
1949 1424 2344 1497 subjungitur,

1284 1508 1423 1563 pag.
1454 1492 1544 1556 54.
1590 1492 1826 1563 supplet
1858 1494 2341 1565 magistratum,

1284 1561 1560 1631 peractis
1591 1561 1894 1627 comitiis,
1940 1562 2342 1633 insequentis·
2397 1562 2400 1567 ’

1288 1645 1403 1749 Ξιιε
1420 1627 1571 1681 anni
1589 1626 1946 1685 consulibus
1963 1646 2102 1685 crea
2111 1627 2346 1693 tis‚[ab·

1332 1695 1586 1747 icarunt:
1637 1694 1776 1748 novi
1815 1704 2007 1765 autem
2055 1696 2346 1761 consules]

1288 1765 1447 1821 inire
1489 1781 1592 1817 coe
1638 1772 1838 1819 erunt.
1896 1766 2120 1817 Verum
2157 1780 2347 1835 neque

1290 1829 1375 1885 ibi
1386 1829 1570 1885 Ralen
1617 1847 1684 1882 ae
1698 1832 2010 1886 :ianuar-iae·
2024 1842 2351 1886 memoran-

1288 1910 1407 1953 tur.
1468 1896 1557 1951 An
1596 1897 1773 1967 igitur
1806 1900 2004 1971 potius
2038 1898 2347 1973 legendum

1290 1968 1542 2032 creatiS,
1565 1966 1954 2032 [abdicarunt‚
1977 1980 2034 2022 et
2049 1969 2190 2022 novi
2211 1986 2350 2021 con-

1290 2035 1444 2089 sules
1489 2035 1765 2089 Kalendis
1811 2036 2136 2097 Januariis]
2190 2038 2349 2091 inire

1290 2108 1672 2175 coeperunt?
1728 2103 1884 2183 Quid
1928 2105 2012 2175 si,
2067 2106 2201 2158 loco
2247 2118 2349 2157 sex

1288 2188 1502 2225 vocum
1524 2209 1542 2237 ‚
1596 2190 1742 2245 quae
1779 2174 1852 2227 ab
1887 2173 2157 2227 omnibus
2192 2172 2348 2227 Mstis

1288 2240 1496 2293 nostris
1543 2253 1601 2295 et
1630 2240 2007 2295 vetustissima
2052 2240 2146 2295 ed.
2185 2257 2349 2294 exsu-

1286 2307 1429 2373 lant,
1458 2306 1702 2362 duarum
1723 2310 1966 2362 aliarum
1988 2306 2348 2381 compendiis

1198 2410 1217 2420 -
1288 2377 1565 2447 receptis,
1591 2378 1862 2461 legamus
1895 2381 2348 2451 magistratum

1290 2446 1366 2501 K.
1398 2444 1534 2500 Ian.
1567 2447 1727 2502 imre
1759 2455 2092 2519 coeperunt
2108 2449 2135 2504 ?
2167 2443 2350 2501 Vide-

1292 2522 1393 2565 ant
1417 2513 1732 2567 acutiores.
1786 2515 1963 2568 Certe
1997 2530 2182 2568 novos
2217 2532 2358 2567 con-

1293 2580 1445 2634 sules
1469 2598 1540 2634 eo
1557 2581 1652 2635 die
1671 2581 2058 2655 magistratum
2071 2582 2184 2635 hoc
2199 2599 2353 2635 anno

1291 2648 1517 2714 iniisse,
1549 2660 1792 2721 praeter
1810 2650 2149 2706 cassiodori
2169 2650 2354 2705 Chro-

1290 2716 1482 2779 nicon‚
1520 2729 1684 2772 notat
1705 2718 1880 2773 ctiam
1898 2718 2196 2775 Marianus
2208 2720 2353 2773 Sco-

1292 2795 1383 2837 tus
1403 2785 1464 2855 in
1485 2786 1802 2841 Chronico.
1825 2784 2005 2861 jure,
2033 2805 2146 2859 pro
2167 2789 2354 2855 inire,

1288 2852 1432 2924 legit
1448 2853 1679 2925 Boend.
1709 2865 1767 2909 et
1785 2873 1916 2908 mox
1935 2854 2236 2913 Movendi
2251 2850 2350 2911 'co-

1290 2922 1478 2980 mitia
1497 2920 1652 2975 idem
1665 2922 2030 2977 Boend.cum
2045 2923 2349 2995 ed.Camp.

1356 2992 1533 3046 Inter
1557 2988 1971 3047 IVIasinissam
2002 3001 2065 3047 et
2081 2991 2354 3048 Kartha·
2437 3045 2442 3049 .

1284 3060 1604 3129 ginienses
1631 3061 1830 3121 missi,
1867 3061 2348 3119 nunciaverunt]

1288 3130 1455 3183 inter
1473 3125 2034 3197 Karthaginienses
2067 3135 2130 3181 et
2148 3129 2350 3183 Masi-
2450 3190 2454 3194 ,

1288 3195 1526 3249 nissam
1541 3197 1699 3249 Voss'.
1729 3195 1905 3265 Bet-g!
1925 3192 2150 3249 Boend.
2174 3206 2232 3247 et
2251 3192 2345 3250 ed.

1290 3261 1431 3314 Cam
1482 3265 1650 3314 ‚Tum
1663 3262 2344 3318 renunciaveruntLeid.

1291 3378 1293 3380 ,
1373 3346 1407 3383 o
1495 3348 1614 3383 non
1657 3328 1892 3385 videtur
1934 3330 2360 3403 spernendum.-

1286 3346 1542 3469 gapt-ie
1573 3398 1726 3451 enim
1754 3400 2122 3455 renunciare
2147 3397 2349 3452 dicun.

1286 3478 1389 3520 tur
1410 3464 1606 3539 legati,
1681 3484 1819 3521 uum
1839 3466 1914 3520 ad
1935 3484 2053 3534 eos,
2086 3485 2118 3519 a
2137 3467 2348 3537 quibus

1288 3536 1451 3590 missi
1472 3545 1628 3599 sunt,
1700 3553 1730 3589 e
1749 3534 2038 3609 legatione
2056 3536 2347 3591 referunt.
2403 3550 2406 3554 ·

1289 3602 1377 3658 Ita
1408 3602 1608 3659 Livius
1635 3624 1700 3673 9,
1731 3608 1785 3670 4.
1839 3605 2011 3659 Haec
2043 3622 2231 3677 quiam
2261 3602 2349 3660 le·

1340 3676 1475 3729 atio
1505 3673 2002 3728 renunciat-etur.
2043 3672 2130 3739 23,
2167 3689 2256 3737 29,
2287 3690 2348 3741 ¹7.

1285 3686 1459 3800 flacc
1487 3748 1812 3811 postquam
1856 3741 2226 3796 renunciata
2262 3738 2349 3795 lc·

1340 3811 1474 3865 atio
1509 3807 1812 3864 Petelinis
1849 3817 1959 3865 est.
2011 3810 2110 3871 32,
2156 3826 2248 3872 1¹7,
2286 3810 2342 3863 5.

1351 3878 1687 3934 enunciata
1712 3874 1866 3933 haec
1893 3875 2137 3951 legatio
2158 3874 2236 3930 ab
2255 3878 2348 3931 in-

1290 3942 1896 4020 dignatione'simul
1946 3962 2017 3999 ac
2061 3941 2346 4016 despera.

1288 4017 1457 4069 tione
1491 4012 1654 4067 iram
1687 4008 1993 4068 accendit.
2041 4013 2143 4080 35,
2184 4015 2252 4080 6,
2285 4030 2344 4077 ⁴7.

1291 4080 1487 4141 Missi
1519 4078 1724 4157 legati
1749 4082 2230 4155 renunciat-unt,
2265 4078 2344 4137 Ι..
