<?xml version="1.0" encoding="UTF-8"?>
<!DOCTYPE html PUBLIC "-//W3C//DTD XHTML 1.0 Transitional//EN"
    "http://www.w3.org/TR/xhtml1/DTD/xhtml1-transitional.dtd">
<html xmlns="http://www.w3.org/1999/xhtml" xml:lang="en" lang="en">
 <head>
  <title>
</title>
<meta http-equiv="Content-Type" content="text/html;charset=utf-8" />
  <meta name='ocr-system' content='tesseract 3.04.00' />
  <meta name='ocr-capabilities' content='ocr_page ocr_carea ocr_par ocr_line ocrx_word'/>
</head>
<body>
  <div class='ocr_page' id='page_1' title='image "./tliviipatavinih21unkngoog_0630.png"; bbox 0 0 2917 4709; ppageno 0'>
   <div class='ocr_carea' id='block_1_1' title="bbox 761 196 2759 303">
    <p class='ocr_par' dir='ltr' id='par_1_1' title="bbox 761 196 2759 303">
     <span class='ocr_line' id='line_1_1' title="bbox 761 196 2759 303; baseline 0.001 -36"><span class='ocrx_word' id='word_1_1' title='bbox 761 196 885 267; x_wconf 74' lang='lat'><strong>626</strong></span> <span class='ocrx_word' id='word_1_2' title='bbox 941 198 1514 265; x_wconf 79' lang='lat' dir='ltr'><strong>FREINSHEMII</strong></span> <span class='ocrx_word' id='word_1_3' title='bbox 1539 198 2378 303; x_wconf 64' lang='lat' dir='ltr'><strong>SUPPLEMENTORUM</strong></span> <span class='ocrx_word' id='word_1_4' title='bbox 2407 202 2584 267; x_wconf 70' lang='lat' dir='ltr'><strong>Lin.</strong></span> <span class='ocrx_word' id='word_1_5' title='bbox 2617 204 2759 268; x_wconf 84' lang='lat' dir='ltr'><strong>XI.</strong></span> 
     </span>
    </p>
   </div>
   <div class='ocr_carea' id='block_1_2' title="bbox 666 302 679 331">
    <p class='ocr_par' dir='ltr' id='par_1_2' title="bbox 666 302 679 331">
     <span class='ocr_line' id='line_1_2' title="bbox 666 302 679 331; baseline 0 0"><span class='ocrx_word' id='word_1_6' title='bbox 666 302 679 331; x_wconf 66' lang='grc' dir='ltr'>ἱ</span> 
     </span>
    </p>
   </div>
   <div class='ocr_carea' id='block_1_3' title="bbox 421 404 2806 1070">
    <p class='ocr_par' dir='ltr' id='par_1_3' title="bbox 421 404 2806 643">
     <span class='ocr_line' id='line_1_3' title="bbox 434 404 2806 492; baseline 0.003 -29"><span class='ocrx_word' id='word_1_7' title='bbox 434 406 732 485; x_wconf 70' lang='grc' dir='ltr'><strong>ῦ.ο.“β90.</strong></span> <span class='ocrx_word' id='word_1_8' title='bbox 761 412 961 473; x_wconf 80' lang='lat' dir='ltr'><strong>miss&#39;is</strong></span> <span class='ocrx_word' id='word_1_9' title='bbox 988 454 1004 483; x_wconf 94' lang='lat'><strong>,</strong></span> <span class='ocrx_word' id='word_1_10' title='bbox 1070 408 1296 471; x_wconf 79' lang='lat' dir='ltr'><strong>matris</strong></span> <span class='ocrx_word' id='word_1_11' title='bbox 1370 427 1524 468; x_wconf 77' lang='lat' dir='ltr'><strong>suae</strong></span> <span class='ocrx_word' id='word_1_12' title='bbox 1571 404 1824 466; x_wconf 74' lang='lat' dir='ltr'><strong>sororis</strong></span> <span class='ocrx_word' id='word_1_13' title='bbox 1921 423 1960 465; x_wconf 86' lang='lat' dir='ltr'><strong>e</strong></span> <span class='ocrx_word' id='word_1_14' title='bbox 2011 407 2325 492; x_wconf 79' lang='lat' dir='ltr'><strong>reliquias</strong></span> <span class='ocrx_word' id='word_1_15' title='bbox 2384 410 2806 491; x_wconf 81' lang='lat' dir='ltr'><strong>repetebat,</strong></span> 
     </span>
     <span class='ocr_line' id='line_1_4' title="bbox 421 478 2804 575; baseline -0.001 -20"><span class='ocrx_word' id='word_1_16' title='bbox 421 478 497 532; x_wconf 69' lang='grc' dir='ltr'><strong>Ᾰ·</strong></span> <span class='ocrx_word' id='word_1_17' title='bbox 520 478 589 537; x_wconf 72' lang='lat'><strong>0·</strong></span> <span class='ocrx_word' id='word_1_18' title='bbox 613 484 732 537; x_wconf 75' lang='lat'><strong>²⁶²·</strong></span> <span class='ocrx_word' id='word_1_19' title='bbox 761 494 977 555; x_wconf 82' lang='lat' dir='ltr'><strong>alieno</strong></span> <span class='ocrx_word' id='word_1_20' title='bbox 1026 506 1325 575; x_wconf 82' lang='lat' dir='ltr'><strong>tempore</strong></span> <span class='ocrx_word' id='word_1_21' title='bbox 1362 488 1618 567; x_wconf 82' lang='lat' dir='ltr'><strong>Lysiam</strong></span> <span class='ocrx_word' id='word_1_22' title='bbox 1659 483 1834 547; x_wconf 79' lang='lat' dir='ltr'><strong>offen</strong></span> <span class='ocrx_word' id='word_1_23' title='bbox 1887 505 2000 546; x_wconf 83' lang='lat' dir='ltr'><strong>ere</strong></span> <span class='ocrx_word' id='word_1_24' title='bbox 2035 490 2270 551; x_wconf 81' lang='lat' dir='ltr'><strong>timens</strong></span> <span class='ocrx_word' id='word_1_25' title='bbox 2297 530 2316 559; x_wconf 92' lang='lat'><strong>,</strong></span> <span class='ocrx_word' id='word_1_26' title='bbox 2383 508 2642 551; x_wconf 83' lang='lat' dir='ltr'><strong>earum</strong></span> <span class='ocrx_word' id='word_1_27' title='bbox 2687 513 2804 552; x_wconf 84' lang='lat' dir='ltr'><strong>re-</strong></span> 
     </span>
     <span class='ocr_line' id='line_1_5' title="bbox 758 565 2800 643; baseline -0.001 -8"><span class='ocrx_word' id='word_1_28' title='bbox 758 594 905 635; x_wconf 82' lang='lat' dir='ltr'><strong>rum</strong></span> <span class='ocrx_word' id='word_1_29' title='bbox 930 574 1329 643; x_wconf 79' lang='lat' dir='ltr'><strong>mentionem</strong></span> <span class='ocrx_word' id='word_1_30' title='bbox 1362 594 1399 631; x_wconf 85' lang='lat' dir='ltr'><strong>a</strong></span> <span class='ocrx_word' id='word_1_31' title='bbox 1428 571 1564 631; x_wconf 83' lang='lat' dir='ltr'><strong>suis</strong></span> <span class='ocrx_word' id='word_1_32' title='bbox 1603 566 1752 628; x_wconf 84' lang='lat' dir='ltr'><strong>fieri</strong></span> <span class='ocrx_word' id='word_1_33' title='bbox 1782 565 2009 628; x_wconf 86' lang='lat' dir='ltr'><strong>vetuit.</strong></span> <span class='ocrx_word' id='word_1_34' title='bbox 2095 572 2394 631; x_wconf 83' lang='lat' dir='ltr'><strong>Ceterum</strong></span> <span class='ocrx_word' id='word_1_35' title='bbox 2427 570 2634 632; x_wconf 78' lang='lat' dir='ltr'><strong>haud</strong></span> <span class='ocrx_word' id='word_1_36' title='bbox 2675 574 2800 633; x_wconf 87' lang='lat' dir='ltr'><strong>ob-</strong></span> 
     </span>
    </p>

    <p class='ocr_par' dir='ltr' id='par_1_4' title="bbox 758 652 2801 737">
     <span class='ocr_line' id='line_1_6' title="bbox 758 652 2801 737; baseline -0.001 -20"><span class='ocrx_word' id='word_1_37' title='bbox 758 674 1021 719; x_wconf 81' lang='lat' dir='ltr'><strong>scurum</strong></span> <span class='ocrx_word' id='word_1_38' title='bbox 1058 654 1199 735; x_wconf 70' lang='lat' dir='ltr'><strong>ejus</strong></span> <span class='ocrx_word' id='word_1_39' title='bbox 1230 653 1540 737; x_wconf 82' lang='lat' dir='ltr'><strong>judicium</strong></span> <span class='ocrx_word' id='word_1_40' title='bbox 1585 663 1747 721; x_wconf 86' lang='lat' dir='ltr'><strong>erat,</strong></span> <span class='ocrx_word' id='word_1_41' title='bbox 1794 668 1988 731; x_wconf 85' lang='lat' dir='ltr'><strong>quum</strong></span> <span class='ocrx_word' id='word_1_42' title='bbox 2022 652 2248 733; x_wconf 83' lang='lat' dir='ltr'><strong>populi</strong></span> <span class='ocrx_word' id='word_1_43' title='bbox 2284 654 2588 713; x_wconf 81' lang='lat' dir='ltr'><strong>Romani</strong></span> <span class='ocrx_word' id='word_1_44' title='bbox 2629 656 2801 714; x_wconf 80' lang='lat' dir='ltr'><strong>at&#39;ni-</strong></span> 
     </span>
    </p>

    <p class='ocr_par' dir='ltr' id='par_1_5' title="bbox 754 728 2798 821">
     <span class='ocr_line' id='line_1_7' title="bbox 754 728 2798 821; baseline -0.002 -21"><span class='ocrx_word' id='word_1_45' title='bbox 754 736 974 800; x_wconf 80' lang='lat' dir='ltr'><strong>citiam</strong></span> <span class='ocrx_word' id='word_1_46' title='bbox 1017 735 1289 821; x_wconf 77' lang='lat' dir='ltr'><strong>plurimi</strong></span> <span class='ocrx_word' id='word_1_47' title='bbox 1326 734 1616 805; x_wconf 79' lang='lat' dir='ltr'><strong>faceret:</strong></span> <span class='ocrx_word' id='word_1_48' title='bbox 1663 732 1751 791; x_wconf 86' lang='lat' dir='ltr'><strong>ita</strong></span> <span class='ocrx_word' id='word_1_49' title='bbox 1794 728 2080 812; x_wconf 84' lang='lat' dir='ltr'><strong>quidem,</strong></span> <span class='ocrx_word' id='word_1_50' title='bbox 2129 746 2197 793; x_wconf 85' lang='lat' dir='ltr'><strong>ut</strong></span> <span class='ocrx_word' id='word_1_51' title='bbox 2241 733 2358 793; x_wconf 90' lang='lat' dir='ltr'><strong>sub</strong></span> <span class='ocrx_word' id='word_1_52' title='bbox 2397 733 2599 795; x_wconf 86' lang='lat' dir='ltr'><strong>idem</strong></span> <span class='ocrx_word' id='word_1_53' title='bbox 2641 736 2798 797; x_wconf 84' lang='lat' dir='ltr'><strong>sere</strong></span> 
     </span>
    </p>

    <p class='ocr_par' dir='ltr' id='par_1_6' title="bbox 754 812 2794 899">
     <span class='ocr_line' id='line_1_8' title="bbox 754 812 2794 899; baseline -0.001 -19"><span class='ocrx_word' id='word_1_54' title='bbox 754 833 1011 898; x_wconf 83' lang='lat' dir='ltr'><strong>tempus</strong></span> <span class='ocrx_word' id='word_1_55' title='bbox 1042 816 1359 887; x_wconf 75' lang='lat' dir='ltr'><strong>revers-ia,</strong></span> <span class='ocrx_word' id='word_1_56' title='bbox 1404 834 1568 898; x_wconf 86' lang='lat' dir='ltr'><strong>quos</strong></span> <span class='ocrx_word' id='word_1_57' title='bbox 1593 815 1862 873; x_wconf 82' lang='lat' dir='ltr'>Romam</span> <span class='ocrx_word' id='word_1_58' title='bbox 1891 812 2179 884; x_wconf 83' lang='lat' dir='ltr'><strong>miserat,</strong></span> <span class='ocrx_word' id='word_1_59' title='bbox 2221 814 2485 899; x_wconf 73' lang='lat' dir='ltr'><strong>legatiS,</strong></span> <span class='ocrx_word' id='word_1_60' title='bbox 2537 838 2794 898; x_wconf 85' lang='lat' dir='ltr'><strong>prom-</strong></span> 
     </span>
    </p>

    <p class='ocr_par' dir='ltr' id='par_1_7' title="bbox 684 893 2796 981">
     <span class='ocr_line' id='line_1_9' title="bbox 800 893 2796 981; baseline 0 -20"><span class='ocrx_word' id='word_1_61' title='bbox 800 914 1058 981; x_wconf 85' lang='lat' dir='ltr'><strong>tamque</strong></span> <span class='ocrx_word' id='word_1_62' title='bbox 1113 900 1380 959; x_wconf 87' lang='lat' dir='ltr'><strong>Patrum</strong></span> <span class='ocrx_word' id='word_1_63' title='bbox 1437 914 1596 979; x_wconf 80' lang='lat' dir='ltr'><strong>erga</strong></span> <span class='ocrx_word' id='word_1_64' title='bbox 1653 893 1880 975; x_wconf 76' lang='lat' dir='ltr'><strong>regem</strong></span> <span class='ocrx_word' id='word_1_65' title='bbox 1939 895 2332 955; x_wconf 81' lang='lat' dir='ltr'><strong>voluntatem</strong></span> <span class='ocrx_word' id='word_1_66' title='bbox 2392 896 2796 961; x_wconf 83' lang='lat' dir='ltr'><strong>referenti·</strong></span> 
     </span>
    </p>

    <p class='ocr_par' dir='ltr' id='par_1_8' title="bbox 800 974 2792 1070">
     <span class='ocr_line' id='line_1_10' title="bbox 800 974 2792 1070; baseline -0.005 -28"><span class='ocrx_word' id='word_1_67' title='bbox 800 1002 898 1053; x_wconf 82' lang='lat' dir='ltr'><strong>us,</strong></span> <span class='ocrx_word' id='word_1_68' title='bbox 943 981 1263 1041; x_wconf 86' lang='lat' dir='ltr'><strong>honorem</strong></span> <span class='ocrx_word' id='word_1_69' title='bbox 1295 977 1597 1039; x_wconf 80' lang='lat' dir='ltr'><strong>habuerit</strong></span> <span class='ocrx_word' id='word_1_70' title='bbox 1625 976 1796 1044; x_wconf 88' lang='lat' dir='ltr'><strong>Diis,</strong></span> <span class='ocrx_word' id='word_1_71' title='bbox 1843 974 2300 1070; x_wconf 78' lang='lat' dir='ltr'><strong>sacrificioque</strong></span> <span class='ocrx_word' id='word_1_72' title='bbox 2337 998 2598 1061; x_wconf 81' lang='lat' dir='ltr'><strong>magno</strong></span> <span class='ocrx_word' id='word_1_73' title='bbox 2626 1003 2792 1065; x_wconf 78' lang='lat' dir='ltr'><strong>per..</strong></span> 
     </span>
    </p>
   </div>
   <div class='ocr_carea' id='block_1_4' title="bbox 756 1055 2574 1143">
    <p class='ocr_par' dir='ltr' id='par_1_9' title="bbox 756 1055 2574 1143">
     <span class='ocr_line' id='line_1_11' title="bbox 756 1055 2574 1143; baseline -0.002 -18"><span class='ocrx_word' id='word_1_74' title='bbox 756 1064 925 1137; x_wconf 75' lang='lat' dir='ltr'><strong>acte,</strong></span> <span class='ocrx_word' id='word_1_75' title='bbox 970 1082 1117 1124; x_wconf 85' lang='lat' dir='ltr'><strong>cum</strong></span> <span class='ocrx_word' id='word_1_76' title='bbox 1154 1060 1430 1122; x_wconf 87' lang='lat' dir='ltr'><strong>ducibus</strong></span> <span class='ocrx_word' id='word_1_77' title='bbox 1469 1059 1604 1119; x_wconf 86' lang='lat' dir='ltr'><strong>suis</strong></span> <span class='ocrx_word' id='word_1_78' title='bbox 1643 1055 1943 1116; x_wconf 71' lang='lat' dir='ltr'>hilariter</span> <span class='ocrx_word' id='word_1_79' title='bbox 1987 1058 2190 1119; x_wconf 74' lang='lat' dir='ltr'><strong>suerit</strong></span> <span class='ocrx_word' id='word_1_80' title='bbox 2228 1059 2574 1143; x_wconf 77' lang='lat' dir='ltr'><strong>epulatus-</strong></span> 
     </span>
    </p>
   </div>
   <div class='ocr_carea' id='block_1_5' title="bbox 515 1184 2877 2719">
    <p class='ocr_par' dir='ltr' id='par_1_10' title="bbox 747 1184 2875 1924">
     <span class='ocr_line' id='line_1_12' title="bbox 868 1184 2875 1279; baseline 0.002 -26"><span class='ocrx_word' id='word_1_81' title='bbox 868 1192 1101 1253; x_wconf 81' lang='lat' dir='ltr'><strong>xxxl.</strong></span> <span class='ocrx_word' id='word_1_82' title='bbox 1146 1194 1316 1251; x_wconf 89' lang='lat' dir='ltr'><strong>Dum</strong></span> <span class='ocrx_word' id='word_1_83' title='bbox 1346 1186 1507 1251; x_wconf 86' lang='lat' dir='ltr'><strong>haec</strong></span> <span class='ocrx_word' id='word_1_84' title='bbox 1541 1186 1611 1249; x_wconf 87' lang='lat' dir='ltr'><strong>in</strong></span> <span class='ocrx_word' id='word_1_85' title='bbox 1648 1184 1781 1248; x_wconf 84' lang='lat' dir='ltr'><strong>istis</strong></span> <span class='ocrx_word' id='word_1_86' title='bbox 1816 1188 1982 1249; x_wconf 82' lang='lat' dir='ltr'><strong>loeis</strong></span> <span class='ocrx_word' id='word_1_87' title='bbox 2025 1187 2186 1249; x_wconf 83' lang='lat' dir='ltr'><strong>fiunt</strong></span> <span class='ocrx_word' id='word_1_88' title='bbox 2211 1232 2228 1261; x_wconf 88' lang='lat'><strong><em>‚</em></strong></span> <span class='ocrx_word' id='word_1_89' title='bbox 2289 1189 2450 1253; x_wconf 85' lang='lat' dir='ltr'><strong>alibi</strong></span> <span class='ocrx_word' id='word_1_90' title='bbox 2545 1215 2786 1279; x_wconf 80' lang='lat' dir='ltr'><strong>noque</strong></span> <span class='ocrx_word' id='word_1_91' title='bbox 2873 1242 2875 1245; x_wconf 21' lang='grc' dir='ltr'><strong>ι</strong></span> 
     </span>
     <span class='ocr_line' id='line_1_13' title="bbox 748 1270 2875 1355; baseline 0.002 -21"><span class='ocrx_word' id='word_1_92' title='bbox 748 1293 973 1355; x_wconf 85' lang='lat' dir='ltr'><strong>parum</strong></span> <span class='ocrx_word' id='word_1_93' title='bbox 1016 1272 1401 1354; x_wconf 82' lang='lat' dir='ltr'><strong>tranquillae</strong></span> <span class='ocrx_word' id='word_1_94' title='bbox 1440 1290 1552 1331; x_wconf 87' lang='lat' dir='ltr'><strong>res</strong></span> <span class='ocrx_word' id='word_1_95' title='bbox 1603 1270 1891 1330; x_wconf 83' lang='lat' dir='ltr'><strong>fuerunt.</strong></span> <span class='ocrx_word' id='word_1_96' title='bbox 1980 1271 2416 1347; x_wconf 84' lang='lat' dir='ltr'><strong>Calyndenses</strong></span> <span class='ocrx_word' id='word_1_97' title='bbox 2457 1296 2498 1335; x_wconf 89' lang='lat' dir='ltr'><strong>o</strong></span> <span class='ocrx_word' id='word_1_98' title='bbox 2561 1277 2786 1339; x_wconf 87' lang='lat' dir='ltr'><strong>sidio·</strong></span> <span class='ocrx_word' id='word_1_99' title='bbox 2873 1302 2875 1313; x_wconf 59' lang='lat'><em>2</em></span> 
     </span>
     <span class='ocr_line' id='line_1_14' title="bbox 747 1350 2780 1437; baseline 0.002 -22"><span class='ocrx_word' id='word_1_100' title='bbox 747 1376 835 1416; x_wconf 85' lang='lat' dir='ltr'><strong>ne</strong></span> <span class='ocrx_word' id='word_1_101' title='bbox 874 1355 1289 1427; x_wconf 70' lang='lat' dir='ltr'><strong>Cannici-um,</strong></span> <span class='ocrx_word' id='word_1_102' title='bbox 1340 1375 1375 1413; x_wconf 89' lang='lat' dir='ltr'><strong>a</strong></span> <span class='ocrx_word' id='word_1_103' title='bbox 1414 1352 1652 1437; x_wconf 85' lang='lat' dir='ltr'><strong>quibus</strong></span> <span class='ocrx_word' id='word_1_104' title='bbox 1688 1350 2104 1421; x_wconf 72' lang='lat' dir='ltr'>defecerant,</span> <span class='ocrx_word' id='word_1_105' title='bbox 2152 1354 2369 1434; x_wconf 74' lang='lat' dir='ltr'><strong>prem,</strong></span> <span class='ocrx_word' id='word_1_106' title='bbox 2417 1378 2456 1416; x_wconf 85' lang='lat' dir='ltr'><strong>a</strong></span> <span class='ocrx_word' id='word_1_107' title='bbox 2506 1359 2780 1423; x_wconf 81' lang='lat' dir='ltr'><strong>Cnidiis</strong></span> 
     </span>
     <span class='ocr_line' id='line_1_15' title="bbox 750 1431 2775 1518; baseline 0.002 -21"><span class='ocrx_word' id='word_1_108' title='bbox 750 1434 996 1497; x_wconf 83' lang='lat' dir='ltr'><strong>auxilio</strong></span> <span class='ocrx_word' id='word_1_109' title='bbox 1062 1434 1408 1518; x_wconf 83' lang='lat' dir='ltr'><strong>impetrato</strong></span> <span class='ocrx_word' id='word_1_110' title='bbox 1440 1477 1455 1506; x_wconf 85' lang='lat'><strong>,</strong></span> <span class='ocrx_word' id='word_1_111' title='bbox 1527 1431 1920 1515; x_wconf 79' lang='lat' dir='ltr'><strong>aliquamdiu</strong></span> <span class='ocrx_word' id='word_1_112' title='bbox 1985 1431 2398 1517; x_wconf 81' lang='lat' dir='ltr'><strong>restiterunt:</strong></span> <span class='ocrx_word' id='word_1_113' title='bbox 2473 1438 2775 1514; x_wconf 84' lang='lat' dir='ltr'><strong>deinde,</strong></span> 
     </span>
     <span class='ocr_line' id='line_1_16' title="bbox 750 1509 2781 1598; baseline 0.001 -19"><span class='ocrx_word' id='word_1_114' title='bbox 750 1509 1065 1579; x_wconf 79' lang='lat' dir='ltr'><strong>timentes</strong></span> <span class='ocrx_word' id='word_1_115' title='bbox 1098 1518 1179 1577; x_wconf 89' lang='lat' dir='ltr'><strong>de</strong></span> <span class='ocrx_word' id='word_1_116' title='bbox 1213 1516 1391 1577; x_wconf 81' lang='lat' dir='ltr'><strong>exitu</strong></span> <span class='ocrx_word' id='word_1_117' title='bbox 1426 1515 1586 1576; x_wconf 85' lang='lat' dir='ltr'><strong>belli</strong></span> <span class='ocrx_word' id='word_1_118' title='bbox 1611 1556 1626 1585; x_wconf 93' lang='lat'><strong>,</strong></span> <span class='ocrx_word' id='word_1_119' title='bbox 1674 1514 1741 1574; x_wconf 89' lang='lat' dir='ltr'><strong>ni</strong></span> <span class='ocrx_word' id='word_1_120' title='bbox 1778 1514 2129 1595; x_wconf 87' lang='lat' dir='ltr'><strong>majoribus</strong></span> <span class='ocrx_word' id='word_1_121' title='bbox 2161 1516 2394 1598; x_wconf 84' lang='lat' dir='ltr'><strong>opibus</strong></span> <span class='ocrx_word' id='word_1_122' title='bbox 2434 1520 2781 1583; x_wconf 84' lang='lat' dir='ltr'><strong>desende-</strong></span> 
     </span>
     <span class='ocr_line' id='line_1_17' title="bbox 752 1596 2776 1685; baseline -0.002 -26"><span class='ocrx_word' id='word_1_123' title='bbox 752 1610 1020 1670; x_wconf 83' lang='lat' dir='ltr'><strong>rentur‚</strong></span> <span class='ocrx_word' id='word_1_124' title='bbox 1052 1596 1368 1659; x_wconf 24' lang='lat' dir='ltr'><strong>*Rhodios</strong></span> <span class='ocrx_word' id='word_1_125' title='bbox 1398 1596 1837 1679; x_wconf 78' lang='lat' dir='ltr'>imploravere</span> <span class='ocrx_word' id='word_1_126' title='bbox 1860 1637 1876 1665; x_wconf 86' lang='lat'><strong>,</strong></span> <span class='ocrx_word' id='word_1_127' title='bbox 1926 1616 1996 1659; x_wconf 87' lang='lat' dir='ltr'><strong>se</strong></span> <span class='ocrx_word' id='word_1_128' title='bbox 2034 1614 2274 1679; x_wconf 77' lang='lat' dir='ltr'><strong>suaque</strong></span> <span class='ocrx_word' id='word_1_129' title='bbox 2315 1598 2580 1662; x_wconf 82' lang='lat' dir='ltr'><strong>dedere</strong></span> <span class='ocrx_word' id='word_1_130' title='bbox 2629 1606 2776 1685; x_wconf 86' lang='lat' dir='ltr'><strong>pol..</strong></span> 
     </span>
     <span class='ocr_line' id='line_1_18' title="bbox 749 1670 2774 1767; baseline -0.003 -26"><span class='ocrx_word' id='word_1_131' title='bbox 749 1675 941 1761; x_wconf 74' lang='lat' dir='ltr'><strong>¹liciti.</strong></span> <span class='ocrx_word' id='word_1_132' title='bbox 1028 1670 1275 1739; x_wconf 78' lang='lat' dir='ltr'><strong>Rhodii</strong></span> <span class='ocrx_word' id='word_1_133' title='bbox 1321 1690 1712 1762; x_wconf 76' lang='lat' dir='ltr'><strong>receperant</strong></span> <span class='ocrx_word' id='word_1_134' title='bbox 1757 1673 2019 1761; x_wconf 88' lang='lat' dir='ltr'><strong>quidem</strong></span> <span class='ocrx_word' id='word_1_135' title='bbox 2057 1700 2406 1762; x_wconf 77' lang='lat' dir='ltr'><strong>parumper</strong></span> <span class='ocrx_word' id='word_1_136' title='bbox 2447 1702 2532 1743; x_wconf 81' lang='lat' dir='ltr'><strong>ex</strong></span> <span class='ocrx_word' id='word_1_137' title='bbox 2574 1686 2774 1767; x_wconf 87' lang='lat' dir='ltr'><strong>prio-</strong></span> 
     </span>
     <span class='ocr_line' id='line_1_19' title="bbox 750 1758 2776 1829; baseline -0.002 -6"><span class='ocrx_word' id='word_1_138' title='bbox 750 1763 813 1823; x_wconf 88' lang='lat' dir='ltr'><strong>ri</strong></span> <span class='ocrx_word' id='word_1_139' title='bbox 878 1758 1392 1823; x_wconf 85' lang='lat' dir='ltr'><strong>consternatione</strong></span> <span class='ocrx_word' id='word_1_140' title='bbox 1450 1760 1741 1829; x_wconf 82' lang='lat' dir='ltr'><strong>animos:</strong></span> <span class='ocrx_word' id='word_1_141' title='bbox 1809 1758 1924 1819; x_wconf 87' lang='lat' dir='ltr'><strong>sed</strong></span> <span class='ocrx_word' id='word_1_142' title='bbox 1986 1774 2201 1822; x_wconf 88' lang='lat' dir='ltr'><strong>tamen</strong></span> <span class='ocrx_word' id='word_1_143' title='bbox 2257 1761 2416 1821; x_wconf 82' lang='lat' dir='ltr'><strong>iram</strong></span> <span class='ocrx_word' id='word_1_144' title='bbox 2495 1779 2776 1829; x_wconf 73' lang='lat' dir='ltr'><strong>senatus</strong></span> 
     </span>
     <span class='ocr_line' id='line_1_20' title="bbox 749 1839 2779 1924; baseline 0 -18"><span class='ocrx_word' id='word_1_145' title='bbox 749 1842 1189 1915; x_wconf 77' lang='lat' dir='ltr'><strong>verebantur,</strong></span> <span class='ocrx_word' id='word_1_146' title='bbox 1258 1842 1313 1903; x_wconf 90' lang='lat' dir='ltr'><strong>si</strong></span> <span class='ocrx_word' id='word_1_147' title='bbox 1344 1840 1731 1903; x_wconf 80' lang='lat' dir='ltr'><strong>&#39;inconsulto</strong></span> <span class='ocrx_word' id='word_1_148' title='bbox 1786 1858 1864 1902; x_wconf 84' lang='lat' dir='ltr'><strong>eo</strong></span> <span class='ocrx_word' id='word_1_149' title='bbox 1919 1839 2263 1924; x_wconf 79' lang='lat' dir='ltr'><strong>quidquam</strong></span> <span class='ocrx_word' id='word_1_150' title='bbox 2320 1843 2605 1922; x_wconf 82' lang='lat' dir='ltr'><strong>majoris</strong></span> <span class='ocrx_word' id='word_1_151' title='bbox 2651 1868 2779 1908; x_wconf 87' lang='lat' dir='ltr'><strong>ne-</strong></span> 
     </span>
    </p>

    <p class='ocr_par' dir='ltr' id='par_1_11' title="bbox 515 1920 2877 2719">
     <span class='ocr_line' id='line_1_21' title="bbox 515 1920 2771 2009; baseline 0.002 -23"><span class='ocrx_word' id='word_1_152' title='bbox 515 1967 551 2001; x_wconf 52' lang='lat'>„</span> <span class='ocrx_word' id='word_1_153' title='bbox 750 1924 918 2007; x_wconf 81' lang='lat' dir='ltr'><strong>gotii</strong></span> <span class='ocrx_word' id='word_1_154' title='bbox 980 1924 1521 2009; x_wconf 80' lang='lat' dir='ltr'><strong>aggrederentur.</strong></span> <span class='ocrx_word' id='word_1_155' title='bbox 1631 1920 1972 2003; x_wconf 81' lang='lat' dir='ltr'><strong>Adlegatis</strong></span> <span class='ocrx_word' id='word_1_156' title='bbox 2038 1922 2240 2004; x_wconf 84' lang='lat' dir='ltr'><strong>igitur</strong></span> <span class='ocrx_word' id='word_1_157' title='bbox 2303 1926 2641 2008; x_wconf 82' lang='lat' dir='ltr'><strong>Cleagora</strong></span> <span class='ocrx_word' id='word_1_158' title='bbox 2705 1944 2771 1991; x_wconf 88' lang='lat' dir='ltr'><strong>et</strong></span> 
     </span>
     <span class='ocr_line' id='line_1_22' title="bbox 750 2002 2766 2089; baseline 0.001 -23"><span class='ocrx_word' id='word_1_159' title='bbox 750 2002 1061 2089; x_wconf 84' lang='lat' dir='ltr'><strong>Lygdami</strong></span> <span class='ocrx_word' id='word_1_160' title='bbox 1111 2007 1528 2087; x_wconf 81' lang='lat' dir='ltr'><strong>petiverunt,</strong></span> <span class='ocrx_word' id='word_1_161' title='bbox 1597 2022 1660 2062; x_wconf 84' lang='lat' dir='ltr'><strong>ut</strong></span> <span class='ocrx_word' id='word_1_162' title='bbox 1683 2002 1790 2083; x_wconf 76' lang='lat' dir='ltr'><strong>fibi</strong></span> <span class='ocrx_word' id='word_1_163' title='bbox 1829 2009 2065 2083; x_wconf 84' lang='lat' dir='ltr'><strong>recipere</strong></span> <span class='ocrx_word' id='word_1_164' title='bbox 2105 2004 2474 2087; x_wconf 61' lang='lat' dir='ltr'><strong>Calyndenses</strong></span> <span class='ocrx_word' id='word_1_165' title='bbox 2515 2008 2726 2068; x_wconf 82' lang='lat' dir='ltr'><strong>liceret</strong></span> <span class='ocrx_word' id='word_1_166' title='bbox 2745 2034 2766 2080; x_wconf 91' lang='lat'><em>;</em></span> 
     </span>
     <span class='ocr_line' id='line_1_23' title="bbox 750 2082 2877 2168; baseline 0 -22"><span class='ocrx_word' id='word_1_167' title='bbox 750 2109 817 2148; x_wconf 80' lang='lat' dir='ltr'><strong>ut</strong></span> <span class='ocrx_word' id='word_1_168' title='bbox 854 2108 920 2146; x_wconf 87' lang='lat' dir='ltr'><strong>ue</strong></span> <span class='ocrx_word' id='word_1_169' title='bbox 964 2084 1297 2168; x_wconf 80' lang='lat' dir='ltr'><strong>poffifflones</strong></span> <span class='ocrx_word' id='word_1_170' title='bbox 1318 2129 1337 2161; x_wconf 85' lang='lat'><strong>,</strong></span> <span class='ocrx_word' id='word_1_171' title='bbox 1398 2107 1532 2167; x_wconf 84' lang='lat' dir='ltr'><strong>quas</strong></span> <span class='ocrx_word' id='word_1_172' title='bbox 1560 2089 1642 2149; x_wconf 66' lang='lat' dir='ltr'><strong>,in</strong></span> <span class='ocrx_word' id='word_1_173' title='bbox 1691 2086 1859 2145; x_wconf 84' lang='lat' dir='ltr'><strong>Caria</strong></span> <span class='ocrx_word' id='word_1_174' title='bbox 1899 2082 2172 2165; x_wconf 78' lang='lat' dir='ltr'><strong>Lyciaque</strong></span> <span class='ocrx_word' id='word_1_175' title='bbox 2223 2092 2494 2166; x_wconf 72' lang='lat' dir='ltr'><strong>privatim</strong></span> <span class='ocrx_word' id='word_1_176' title='bbox 2547 2090 2766 2150; x_wconf 78' lang='lat' dir='ltr'><strong>Rhodii</strong></span> <span class='ocrx_word' id='word_1_177' title='bbox 2875 2126 2877 2147; x_wconf 71' lang='lat'>2</span> 
     </span>
     <span class='ocr_line' id='line_1_24' title="bbox 752 2110 2758 2253; baseline 0.001 -24"><span class='ocrx_word' id='word_1_178' title='bbox 752 2110 1037 2240; x_wconf 49' lang='lat' dir='ltr'><strong>hager-ent]</strong></span> <span class='ocrx_word' id='word_1_179' title='bbox 1080 2166 1260 2227; x_wconf 87' lang='lat' dir='ltr'><strong>eodem</strong></span> <span class='ocrx_word' id='word_1_180' title='bbox 1288 2166 1452 2248; x_wconf 80' lang='lat' dir='ltr'><strong>essent</strong></span> <span class='ocrx_word' id='word_1_181' title='bbox 1479 2168 1625 2237; x_wconf 73' lang='lat' dir='ltr'><strong>iure,</strong></span> <span class='ocrx_word' id='word_1_182' title='bbox 1665 2184 1767 2245; x_wconf 81' lang='lat' dir='ltr'><strong>quo</strong></span> <span class='ocrx_word' id='word_1_183' title='bbox 1795 2168 2194 2246; x_wconf 64' lang='lat' dir='ltr'><strong>antefuiffbnt.</strong></span> <span class='ocrx_word' id='word_1_184' title='bbox 2254 2170 2516 2231; x_wconf 87' lang='lat' dir='ltr'><strong>Donum</strong></span> <span class='ocrx_word' id='word_1_185' title='bbox 2553 2192 2758 2253; x_wconf 85' lang='lat' dir='ltr'><strong>prae-</strong></span> 
     </span>
     <span class='ocr_line' id='line_1_25' title="bbox 754 2244 2764 2327; baseline 0.001 -16"><span class='ocrx_word' id='word_1_186' title='bbox 754 2258 938 2311; x_wconf 85' lang='lat' dir='ltr'><strong>terea</strong></span> <span class='ocrx_word' id='word_1_187' title='bbox 970 2248 1402 2313; x_wconf 82' lang='lat' dir='ltr'><strong>decreverant</strong></span> <span class='ocrx_word' id='word_1_188' title='bbox 1438 2249 1505 2309; x_wconf 89' lang='lat' dir='ltr'><strong>in</strong></span> <span class='ocrx_word' id='word_1_189' title='bbox 1541 2244 1702 2308; x_wconf 85' lang='lat' dir='ltr'><strong>aede</strong></span> <span class='ocrx_word' id='word_1_190' title='bbox 1733 2246 2068 2327; x_wconf 74' lang='lat' dir='ltr'><strong>Minervae</strong></span> <span class='ocrx_word' id='word_1_191' title='bbox 2091 2291 2107 2321; x_wconf 92' lang='lat'>‚</span> <span class='ocrx_word' id='word_1_192' title='bbox 2157 2250 2461 2311; x_wconf 79' lang='lat' dir='ltr'><strong>coloffum</strong></span> <span class='ocrx_word' id='word_1_193' title='bbox 2493 2252 2764 2315; x_wconf 82' lang='lat' dir='ltr'><strong>cubito-</strong></span> 
     </span>
     <span class='ocr_line' id='line_1_26' title="bbox 755 2324 2760 2416; baseline 0.002 -24"><span class='ocrx_word' id='word_1_194' title='bbox 755 2350 899 2392; x_wconf 86' lang='lat' dir='ltr'><strong>rum</strong></span> <span class='ocrx_word' id='word_1_195' title='bbox 936 2324 1206 2413; x_wconf 67' lang='lat' dir='ltr'><strong>triginta</strong></span> <span class='ocrx_word' id='word_1_196' title='bbox 1232 2373 1248 2406; x_wconf 92' lang='lat'><strong>,</strong></span> <span class='ocrx_word' id='word_1_197' title='bbox 1313 2330 1556 2416; x_wconf 83' lang='lat' dir='ltr'><strong>populo</strong></span> <span class='ocrx_word' id='word_1_198' title='bbox 1589 2330 1882 2407; x_wconf 85' lang='lat' dir='ltr'><strong>Romano</strong></span> <span class='ocrx_word' id='word_1_199' title='bbox 1911 2349 2183 2412; x_wconf 84' lang='lat' dir='ltr'><strong>ponere.</strong></span> <span class='ocrx_word' id='word_1_200' title='bbox 2273 2332 2611 2415; x_wconf 77' lang='lat' dir='ltr'><strong>Cess&#39;itque</strong></span> <span class='ocrx_word' id='word_1_201' title='bbox 2650 2356 2760 2396; x_wconf 86' lang='lat' dir='ltr'><strong>res</strong></span> 
     </span>
     <span class='ocr_line' id='line_1_27' title="bbox 757 2408 2755 2496; baseline 0.003 -23"><span class='ocrx_word' id='word_1_202' title='bbox 757 2412 844 2473; x_wconf 83' lang='lat' dir='ltr'><strong>iis</strong></span> <span class='ocrx_word' id='word_1_203' title='bbox 888 2410 1201 2475; x_wconf 84' lang='lat' dir='ltr'><strong>feliciter.</strong></span> <span class='ocrx_word' id='word_1_204' title='bbox 1264 2433 1409 2473; x_wconf 84' lang='lat' dir='ltr'><strong>nam</strong></span> <span class='ocrx_word' id='word_1_205' title='bbox 1454 2426 1558 2483; x_wconf 86' lang='lat' dir='ltr'><strong>et,</strong></span> <span class='ocrx_word' id='word_1_206' title='bbox 1633 2408 1942 2471; x_wconf 87' lang='lat' dir='ltr'><strong>subsidiis</strong></span> <span class='ocrx_word' id='word_1_207' title='bbox 1977 2424 2152 2471; x_wconf 82' lang='lat' dir='ltr'><strong>terra</strong></span> <span class='ocrx_word' id='word_1_208' title='bbox 2189 2414 2482 2496; x_wconf 86' lang='lat' dir='ltr'><strong>marique</strong></span> <span class='ocrx_word' id='word_1_209' title='bbox 2521 2418 2755 2489; x_wconf 75' lang='lat' dir='ltr'><strong>millia,</strong></span> 
     </span>
     <span class='ocr_line' id='line_1_28' title="bbox 760 2489 2759 2577; baseline 0.002 -22"><span class='ocrx_word' id='word_1_210' title='bbox 760 2492 1259 2575; x_wconf 86' lang='lat' dir='ltr'><strong>Calyndensium</strong></span> <span class='ocrx_word' id='word_1_211' title='bbox 1293 2493 1604 2577; x_wconf 87' lang='lat' dir='ltr'><strong>oppidum</strong></span> <span class='ocrx_word' id='word_1_212' title='bbox 1639 2489 1814 2568; x_wconf 84' lang='lat' dir='ltr'><strong>hoste</strong></span> <span class='ocrx_word' id='word_1_213' title='bbox 1847 2492 2145 2555; x_wconf 85' lang='lat' dir='ltr'><strong>submoto</strong></span> <span class='ocrx_word' id='word_1_214' title='bbox 2190 2510 2631 2577; x_wconf 83' lang='lat' dir='ltr'><strong>receperunt:</strong></span> <span class='ocrx_word' id='word_1_215' title='bbox 2694 2513 2759 2559; x_wconf 83' lang='lat' dir='ltr'><strong>et</strong></span> 
     </span>
     <span class='ocr_line' id='line_1_29' title="bbox 758 2569 2756 2659; baseline 0.004 -26"><span class='ocrx_word' id='word_1_216' title='bbox 758 2573 1004 2637; x_wconf 82' lang='lat' dir='ltr'><strong>Romae</strong></span> <span class='ocrx_word' id='word_1_217' title='bbox 1048 2588 1308 2659; x_wconf 85' lang='lat' dir='ltr'><strong>accepta</strong></span> <span class='ocrx_word' id='word_1_218' title='bbox 1353 2574 1510 2635; x_wconf 83' lang='lat' dir='ltr'><strong>facti</strong></span> <span class='ocrx_word' id='word_1_219' title='bbox 1556 2573 1723 2633; x_wconf 82' lang='lat' dir='ltr'><strong>ratio</strong></span> <span class='ocrx_word' id='word_1_220' title='bbox 1766 2569 1889 2644; x_wconf 81' lang='lat' dir='ltr'><strong>est,</strong></span> <span class='ocrx_word' id='word_1_221' title='bbox 1953 2572 2186 2659; x_wconf 86' lang='lat' dir='ltr'><strong>jusque</strong></span> <span class='ocrx_word' id='word_1_222' title='bbox 2233 2596 2438 2639; x_wconf 81' lang='lat' dir='ltr'><strong>novae</strong></span> <span class='ocrx_word' id='word_1_223' title='bbox 2475 2577 2756 2641; x_wconf 87' lang='lat' dir='ltr'><strong>ditionis</strong></span> 
     </span>
     <span class='ocr_line' id='line_1_30' title="bbox 762 2653 1870 2719; baseline 0 -3"><span class='ocrx_word' id='word_1_224' title='bbox 762 2657 1147 2719; x_wconf 84' lang='lat' dir='ltr'><strong>auctoritate</strong></span> <span class='ocrx_word' id='word_1_225' title='bbox 1200 2670 1461 2717; x_wconf 89' lang='lat' dir='ltr'><strong>senatus</strong></span> <span class='ocrx_word' id='word_1_226' title='bbox 1507 2653 1870 2716; x_wconf 84' lang='lat' dir='ltr'><strong>stabilitum.</strong></span> 
     </span>
    </p>
   </div>
   <div class='ocr_carea' id='block_1_6' title="bbox 388 2786 2755 3855">
    <p class='ocr_par' dir='ltr' id='par_1_12' title="bbox 388 2786 2755 3115">
     <span class='ocr_line' id='line_1_31' title="bbox 422 2786 2755 2875; baseline 0.003 -28"><span class='ocrx_word' id='word_1_227' title='bbox 422 2804 740 2863; x_wconf 52' lang='lat' dir='ltr'><strong>patmum,</strong></span> <span class='ocrx_word' id='word_1_228' title='bbox 885 2788 1148 2849; x_wconf 81' lang='lat' dir='ltr'><strong>XXXII.</strong></span> <span class='ocrx_word' id='word_1_229' title='bbox 1193 2786 1403 2867; x_wconf 82' lang='lat' dir='ltr'><strong>Major</strong></span> <span class='ocrx_word' id='word_1_230' title='bbox 1446 2786 1684 2850; x_wconf 86' lang='lat' dir='ltr'><strong>deinde</strong></span> <span class='ocrx_word' id='word_1_231' title='bbox 1713 2809 1822 2851; x_wconf 82' lang='lat' dir='ltr'><strong>res</strong></span> <span class='ocrx_word' id='word_1_232' title='bbox 1863 2789 2272 2853; x_wconf 85' lang='lat' dir='ltr'><strong>occasionem</strong></span> <span class='ocrx_word' id='word_1_233' title='bbox 2301 2792 2614 2875; x_wconf 83' lang='lat' dir='ltr'><strong>praebuit</strong></span> <span class='ocrx_word' id='word_1_234' title='bbox 2633 2796 2755 2853; x_wconf 86' lang='lat' dir='ltr'><strong>Pa-</strong></span> 
     </span>
     <span class='ocr_line' id='line_1_32' title="bbox 388 2867 2752 2957; baseline 0.003 -30"><span class='ocrx_word' id='word_1_235' title='bbox 388 2872 739 2943; x_wconf 69' lang='lat' dir='ltr'><strong>PkysconRo-</strong></span> <span class='ocrx_word' id='word_1_236' title='bbox 766 2868 978 2931; x_wconf 81' lang='lat' dir='ltr'><strong>trihus</strong></span> <span class='ocrx_word' id='word_1_237' title='bbox 1032 2890 1115 2932; x_wconf 84' lang='lat' dir='ltr'><strong>ex</strong></span> <span class='ocrx_word' id='word_1_238' title='bbox 1164 2870 1373 2931; x_wconf 85' lang='lat' dir='ltr'><strong>aliena</strong></span> <span class='ocrx_word' id='word_1_239' title='bbox 1424 2867 1758 2934; x_wconf 80' lang='lat' dir='ltr'><strong>discordia</strong></span> <span class='ocrx_word' id='word_1_240' title='bbox 1805 2893 1982 2933; x_wconf 86' lang='lat' dir='ltr'><strong>suam</strong></span> <span class='ocrx_word' id='word_1_241' title='bbox 2040 2873 2392 2954; x_wconf 87' lang='lat' dir='ltr'><strong>potentiam</strong></span> <span class='ocrx_word' id='word_1_242' title='bbox 2441 2875 2752 2957; x_wconf 80' lang='lat' dir='ltr'><strong>augendi.</strong></span> 
     </span>
     <span class='ocr_line' id='line_1_33' title="bbox 390 2944 2746 3045; baseline 0.002 -35"><span class='ocrx_word' id='word_1_243' title='bbox 390 2944 719 2999; x_wconf 58' lang='grc' dir='ltr'><strong>*Μωῡὶΐο</strong></span> <span class='ocrx_word' id='word_1_244' title='bbox 764 2946 1029 3045; x_wconf 76' lang='lat' dir='ltr'><strong>Quippe</strong></span> <span class='ocrx_word' id='word_1_245' title='bbox 1080 2952 1295 3013; x_wconf 86' lang='lat' dir='ltr'><strong>minor</strong></span> <span class='ocrx_word' id='word_1_246' title='bbox 1339 2950 1793 3026; x_wconf 83' lang='lat' dir='ltr'><strong>Ptolemaeus,</strong></span> <span class='ocrx_word' id='word_1_247' title='bbox 1861 2955 1968 3015; x_wconf 80' lang='lat' dir='ltr'><strong>cui</strong></span> <span class='ocrx_word' id='word_1_248' title='bbox 2002 2953 2298 3035; x_wconf 80' lang='lat' dir='ltr'><strong>Physcon</strong></span> <span class='ocrx_word' id='word_1_249' title='bbox 2347 2974 2746 3037; x_wconf 78' lang='lat' dir='ltr'><strong>cognomen-</strong></span> 
     </span>
     <span class='ocr_line' id='line_1_34' title="bbox 767 3034 2751 3115; baseline 0.003 -22"><span class='ocrx_word' id='word_1_250' title='bbox 767 3048 902 3094; x_wconf 81' lang='lat' dir='ltr'><strong>tum</strong></span> <span class='ocrx_word' id='word_1_251' title='bbox 932 3047 1091 3109; x_wconf 87' lang='lat' dir='ltr'><strong>erat,</strong></span> <span class='ocrx_word' id='word_1_252' title='bbox 1135 3034 1407 3095; x_wconf 86' lang='lat' dir='ltr'><strong>Romam</strong></span> <span class='ocrx_word' id='word_1_253' title='bbox 1443 3034 1805 3115; x_wconf 83' lang='lat' dir='ltr'><strong>profectus,</strong></span> <span class='ocrx_word' id='word_1_254' title='bbox 1853 3034 2196 3098; x_wconf 80' lang='lat' dir='ltr'><strong>institutam</strong></span> <span class='ocrx_word' id='word_1_255' title='bbox 2232 3056 2372 3097; x_wconf 88' lang='lat' dir='ltr'><strong>cum</strong></span> <span class='ocrx_word' id='word_1_256' title='bbox 2409 3039 2626 3099; x_wconf 79' lang='lat' dir='ltr'><strong>fratre</strong></span> <span class='ocrx_word' id='word_1_257' title='bbox 2656 3039 2751 3100; x_wconf 87' lang='lat' dir='ltr'><strong>di-</strong></span> 
     </span>
    </p>

    <p class='ocr_par' dir='ltr' id='par_1_13' title="bbox 765 3114 2750 3201">
     <span class='ocr_line' id='line_1_35' title="bbox 765 3114 2750 3201; baseline 0 -23"><span class='ocrx_word' id='word_1_258' title='bbox 765 3115 1086 3178; x_wconf 76' lang='lat' dir='ltr'><strong>visionem</strong></span> <span class='ocrx_word' id='word_1_259' title='bbox 1120 3116 1464 3178; x_wconf 86' lang='lat' dir='ltr'><strong>retractari</strong></span> <span class='ocrx_word' id='word_1_260' title='bbox 1500 3116 1742 3179; x_wconf 82' lang='lat' dir='ltr'><strong>orabat.</strong></span> <span class='ocrx_word' id='word_1_261' title='bbox 1830 3114 2023 3197; x_wconf 83' lang='lat' dir='ltr'><strong>Neque</strong></span> <span class='ocrx_word' id='word_1_262' title='bbox 2067 3118 2288 3197; x_wconf 35' lang='lat' dir='ltr'><strong>enim-st</strong></span> <span class='ocrx_word' id='word_1_263' title='bbox 2313 3120 2512 3199; x_wconf 79' lang='lat' dir='ltr'><strong>sponte</strong></span> <span class='ocrx_word' id='word_1_264' title='bbox 2551 3120 2750 3201; x_wconf 77' lang='lat' dir='ltr'><strong>adfin-</strong></span> 
     </span>
    </p>

    <p class='ocr_par' dir='ltr' id='par_1_14' title="bbox 756 3186 2752 3338">
     <span class='ocr_line' id='line_1_36' title="bbox 756 3186 2752 3338; baseline 0.002 -83"><span class='ocrx_word' id='word_1_265' title='bbox 756 3196 918 3279; x_wconf 85' lang='lat' dir='ltr'><strong>sum,</strong></span> <span class='ocrx_word' id='word_1_266' title='bbox 970 3186 1073 3279; x_wconf 68' lang='lat' dir='ltr'><strong>fid</strong></span> <span class='ocrx_word' id='word_1_267' title='bbox 1112 3202 1396 3278; x_wconf 78' lang='lat' dir='ltr'><strong>iniquitati</strong></span> <span class='ocrx_word' id='word_1_268' title='bbox 1442 3216 1746 3279; x_wconf 54' lang='lat' dir='ltr'><strong>temporum,</strong></span> <span class='ocrx_word' id='word_1_269' title='bbox 1779 3195 1988 3338; x_wconf 52' lang='lat' dir='ltr'><strong>ceqfffi’·</strong></span> <span class='ocrx_word' id='word_1_270' title='bbox 2069 3199 2346 3263; x_wconf 82' lang='lat' dir='ltr'><strong>Petebat</strong></span> <span class='ocrx_word' id='word_1_271' title='bbox 2379 3196 2626 3286; x_wconf 80' lang='lat' dir='ltr'><strong>igitur,</strong></span> <span class='ocrx_word' id='word_1_272' title='bbox 2687 3218 2752 3259; x_wconf 71' lang='lat' dir='ltr'><strong>ut</strong></span> 
     </span>
    </p>

    <p class='ocr_par' dir='ltr' id='par_1_15' title="bbox 766 3278 2754 3443">
     <span class='ocr_line' id='line_1_37' title="bbox 772 3278 2750 3360; baseline 0.002 -23"><span class='ocrx_word' id='word_1_273' title='bbox 772 3278 993 3358; x_wconf 82' lang='lat' dir='ltr'><strong>Cyprus</strong></span> <span class='ocrx_word' id='word_1_274' title='bbox 1031 3280 1367 3359; x_wconf 78' lang='lat' dir='ltr'><strong>adjiceretur</strong></span> <span class='ocrx_word' id='word_1_275' title='bbox 1394 3278 1545 3359; x_wconf 82' lang='lat' dir='ltr'><strong>sorti</strong></span> <span class='ocrx_word' id='word_1_276' title='bbox 1572 3280 1703 3358; x_wconf 80' lang='lat' dir='ltr'><strong>suae</strong></span> <span class='ocrx_word' id='word_1_277' title='bbox 1726 3322 1744 3352; x_wconf 87' lang='lat'>‚</span> <span class='ocrx_word' id='word_1_278' title='bbox 1802 3281 1838 3347; x_wconf 76' lang='grc' dir='ltr'><strong>[ι</strong></span> <span class='ocrx_word' id='word_1_279' title='bbox 1901 3300 2104 3359; x_wconf 81' lang='lat' dir='ltr'><strong>quoque</strong></span> <span class='ocrx_word' id='word_1_280' title='bbox 2125 3282 2450 3360; x_wconf 71' lang='lat' dir='ltr'><strong>,fraternam</strong></span> <span class='ocrx_word' id='word_1_281' title='bbox 2493 3300 2604 3340; x_wconf 85' lang='lat' dir='ltr'><strong>non</strong></span> <span class='ocrx_word' id='word_1_282' title='bbox 2647 3282 2750 3340; x_wconf 80' lang='lat' dir='ltr'><strong>ad-</strong></span> 
     </span>
     <span class='ocr_line' id='line_1_38' title="bbox 766 3354 2754 3443; baseline 0.003 -26"><span class='ocrx_word' id='word_1_283' title='bbox 766 3378 1116 3439; x_wconf 65' lang='lat' dir='ltr'><strong>aequatur-ae.</strong></span> <span class='ocrx_word' id='word_1_284' title='bbox 1204 3360 1707 3423; x_wconf 83' lang='lat' dir='ltr'><strong>Contra-dicebat</strong></span> <span class='ocrx_word' id='word_1_285' title='bbox 1743 3360 1848 3422; x_wconf 87' lang='lat' dir='ltr'><strong>his</strong></span> <span class='ocrx_word' id='word_1_286' title='bbox 1884 3361 2302 3443; x_wconf 83' lang='lat' dir='ltr'><strong>Menithyllus</strong></span> <span class='ocrx_word' id='word_1_287' title='bbox 2340 3354 2754 3424; x_wconf 84' lang='lat' dir='ltr'><strong>Ala&#39;banden-</strong></span> 
     </span>
    </p>

    <p class='ocr_par' dir='ltr' id='par_1_16' title="bbox 772 3439 2752 3528">
     <span class='ocr_line' id='line_1_39' title="bbox 772 3439 2752 3528; baseline 0.003 -28"><span class='ocrx_word' id='word_1_288' title='bbox 772 3439 865 3501; x_wconf 80' lang='lat' dir='ltr'><strong>sis</strong></span> <span class='ocrx_word' id='word_1_289' title='bbox 892 3482 909 3513; x_wconf 87' lang='lat'><strong>,</strong></span> <span class='ocrx_word' id='word_1_290' title='bbox 982 3442 1291 3524; x_wconf 81' lang='lat' dir='ltr'><strong>princeps</strong></span> <span class='ocrx_word' id='word_1_291' title='bbox 1328 3440 1676 3525; x_wconf 80' lang='lat' dir='ltr'><strong>legationis</strong></span> <span class='ocrx_word' id='word_1_292' title='bbox 1703 3485 1736 3519; x_wconf 21' lang='grc' dir='ltr'><strong>,Ι</strong></span> <span class='ocrx_word' id='word_1_293' title='bbox 1787 3462 1979 3527; x_wconf 75' lang='lat' dir='ltr'><strong>,quam</strong></span> <span class='ocrx_word' id='word_1_294' title='bbox 2023 3443 2106 3506; x_wconf 89' lang='lat' dir='ltr'><strong>ob</strong></span> <span class='ocrx_word' id='word_1_295' title='bbox 2161 3443 2228 3503; x_wconf 88' lang='lat' dir='ltr'><strong>id</strong></span> <span class='ocrx_word' id='word_1_296' title='bbox 2270 3444 2482 3528; x_wconf 83' lang='lat' dir='ltr'><strong>ipsum</strong></span> <span class='ocrx_word' id='word_1_297' title='bbox 2521 3444 2752 3505; x_wconf 84' lang='lat' dir='ltr'><strong>Ptole-</strong></span> 
     </span>
    </p>

    <p class='ocr_par' dir='ltr' id='par_1_17' title="bbox 768 3522 2749 3608">
     <span class='ocr_line' id='line_1_40' title="bbox 768 3522 2749 3608; baseline -0.003 -26"><span class='ocrx_word' id='word_1_298' title='bbox 768 3541 989 3583; x_wconf 84' lang='lat' dir='ltr'><strong>maeus</strong></span> <span class='ocrx_word' id='word_1_299' title='bbox 1022 3523 1226 3603; x_wconf 86' lang='lat' dir='ltr'><strong>major</strong></span> <span class='ocrx_word' id='word_1_300' title='bbox 1259 3525 1564 3597; x_wconf 87' lang='lat' dir='ltr'><strong>miserat,</strong></span> <span class='ocrx_word' id='word_1_301' title='bbox 1610 3538 1678 3585; x_wconf 86' lang='lat' dir='ltr'><strong>ut</strong></span> <span class='ocrx_word' id='word_1_302' title='bbox 1709 3527 1998 3588; x_wconf 73' lang='lat' dir='ltr'><strong>senatum</strong></span> <span class='ocrx_word' id='word_1_303' title='bbox 2031 3524 2341 3587; x_wconf 84' lang='lat' dir='ltr'><strong>edoceret</strong></span> <span class='ocrx_word' id='word_1_304' title='bbox 2361 3566 2378 3601; x_wconf 81' lang='lat'><strong>,</strong></span> <span class='ocrx_word' id='word_1_305' title='bbox 2412 3530 2508 3608; x_wconf 82' lang='lat' dir='ltr'><strong>Juo</strong></span> <span class='ocrx_word' id='word_1_306' title='bbox 2537 3522 2749 3601; x_wconf 78' lang='lat' dir='ltr'><strong>benefi-</strong></span> 
     </span>
    </p>

    <p class='ocr_par' dir='ltr' id='par_1_18' title="bbox 690 3608 2751 3689">
     <span class='ocr_line' id='line_1_41' title="bbox 690 3608 2751 3689; baseline 0 -26"><span class='ocrx_word' id='word_1_307' title='bbox 690 3662 705 3671; x_wconf 67' lang='grc'><strong><em>,</em></strong></span> <span class='ocrx_word' id='word_1_308' title='bbox 770 3608 853 3663; x_wconf 82' lang='lat' dir='ltr'><strong>cio</strong></span> <span class='ocrx_word' id='word_1_309' title='bbox 892 3614 1141 3685; x_wconf 68' lang='lat' dir='ltr'><strong>fratrem</strong></span> <span class='ocrx_word' id='word_1_310' title='bbox 1182 3624 1288 3666; x_wconf 83' lang='lat' dir='ltr'><strong>non</strong></span> <span class='ocrx_word' id='word_1_311' title='bbox 1316 3608 1470 3665; x_wconf 86' lang='lat' dir='ltr'><strong>modo</strong></span> <span class='ocrx_word' id='word_1_312' title='bbox 1515 3608 1882 3681; x_wconf 73' lang='lat' dir='ltr'><strong>Cyrena‘icum</strong></span> <span class='ocrx_word' id='word_1_313' title='bbox 1912 3625 2170 3689; x_wconf 80' lang='lat' dir='ltr'><strong>regnum,</strong></span> <span class='ocrx_word' id='word_1_314' title='bbox 2237 3608 2334 3667; x_wconf 83' lang='lat' dir='ltr'><strong>sed</strong></span> <span class='ocrx_word' id='word_1_315' title='bbox 2381 3612 2536 3667; x_wconf 81' lang='lat' dir='ltr'><strong>etiam</strong></span> <span class='ocrx_word' id='word_1_316' title='bbox 2569 3609 2751 3664; x_wconf 79' lang='lat' dir='ltr'><strong>vitam</strong></span> 
     </span>
    </p>

    <p class='ocr_par' dir='ltr' id='par_1_19' title="bbox 768 3682 2754 3769">
     <span class='ocr_line' id='line_1_42' title="bbox 768 3682 2754 3769; baseline 0.002 -25"><span class='ocrx_word' id='word_1_317' title='bbox 768 3682 939 3765; x_wconf 74' lang='lat' dir='ltr'><strong>ipfim</strong></span> <span class='ocrx_word' id='word_1_318' title='bbox 987 3684 1221 3747; x_wconf 80' lang='lat' dir='ltr'><strong>habere.-</strong></span> <span class='ocrx_word' id='word_1_319' title='bbox 1288 3706 1447 3767; x_wconf 83' lang='lat' dir='ltr'><strong>quam</strong></span> <span class='ocrx_word' id='word_1_320' title='bbox 1484 3692 1625 3746; x_wconf 80' lang='lat' dir='ltr'><strong>citra</strong></span> <span class='ocrx_word' id='word_1_321' title='bbox 1657 3689 1711 3765; x_wconf 82' lang='lat' dir='ltr'><strong>ip</strong></span> <span class='ocrx_word' id='word_1_322' title='bbox 1731 3708 1818 3748; x_wconf 70' lang='lat' dir='ltr'><strong>aus</strong></span> <span class='ocrx_word' id='word_1_323' title='bbox 1853 3706 2067 3769; x_wconf 80' lang='lat' dir='ltr'><strong>operam</strong></span> <span class='ocrx_word' id='word_1_324' title='bbox 2087 3730 2106 3761; x_wconf 90' lang='lat'>‚</span> <span class='ocrx_word' id='word_1_325' title='bbox 2166 3708 2443 3750; x_wconf 82' lang='lat' dir='ltr'><strong>contracto</strong></span> <span class='ocrx_word' id='word_1_326' title='bbox 2479 3708 2591 3747; x_wconf 81' lang='lat' dir='ltr'><strong>tam</strong></span> <span class='ocrx_word' id='word_1_327' title='bbox 2635 3689 2754 3747; x_wconf 82' lang='lat' dir='ltr'><strong>acri</strong></span> 
     </span>
    </p>

    <p class='ocr_par' dir='ltr' id='par_1_20' title="bbox 773 3767 2751 3855">
     <span class='ocr_line' id='line_1_43' title="bbox 773 3767 2751 3855; baseline 0.002 -30"><span class='ocrx_word' id='word_1_328' title='bbox 773 3769 1009 3825; x_wconf 87' lang='lat' dir='ltr'><strong>omnium</strong></span> <span class='ocrx_word' id='word_1_329' title='bbox 1031 3767 1175 3842; x_wconf 88' lang='lat' dir='ltr'><strong>odio,</strong></span> <span class='ocrx_word' id='word_1_330' title='bbox 1204 3772 1353 3829; x_wconf 86' lang='lat' dir='ltr'><strong>tueri</strong></span> <span class='ocrx_word' id='word_1_331' title='bbox 1372 3788 1479 3828; x_wconf 83' lang='lat' dir='ltr'><strong>non</strong></span> <span class='ocrx_word' id='word_1_332' title='bbox 1507 3772 1662 3850; x_wconf 86' lang='lat' dir='ltr'><strong>potui</strong></span> <span class='ocrx_word' id='word_1_333' title='bbox 1704 3789 1779 3829; x_wconf 82' lang='lat' dir='ltr'><strong>et.</strong></span> <span class='ocrx_word' id='word_1_334' title='bbox 1867 3770 2164 3831; x_wconf 84' lang='lat' dir='ltr'><strong>Praeterea</strong></span> <span class='ocrx_word' id='word_1_335' title='bbox 2199 3769 2572 3855; x_wconf 75' lang='lat' dir='ltr'><strong>religionibus,</strong></span> <span class='ocrx_word' id='word_1_336' title='bbox 2615 3788 2751 3851; x_wconf 81' lang='lat' dir='ltr'><strong>quae</strong></span> 
     </span>
    </p>
   </div>
   <div class='ocr_carea' id='block_1_7' title="bbox 844 3911 2748 4031">
    <p class='ocr_par' dir='ltr' id='par_1_21' title="bbox 844 3911 2748 4031">
     <span class='ocr_line' id='line_1_44' title="bbox 844 3911 2748 4031; baseline 0.002 -23"><span class='ocrx_word' id='word_1_337' title='bbox 844 3952 991 4023; x_wconf 81' lang='lat' dir='ltr'><strong>Cap.</strong></span> <span class='ocrx_word' id='word_1_338' title='bbox 1027 3952 1228 4007; x_wconf 81' lang='lat' dir='ltr'><strong>xxxI.</strong></span> <span class='ocrx_word' id='word_1_339' title='bbox 1272 3952 1481 4026; x_wconf 82' lang='lat' dir='ltr'><strong>Polyb.</strong></span> <span class='ocrx_word' id='word_1_340' title='bbox 1517 3953 1632 4028; x_wconf 85' lang='lat' dir='ltr'><strong>leg.</strong></span> <span class='ocrx_word' id='word_1_341' title='bbox 1661 3972 1779 4008; x_wconf 86' lang='grc' dir='ltr'><strong>ιιι.</strong></span> <span class='ocrx_word' id='word_1_342' title='bbox 1826 3954 2038 4026; x_wconf 76' lang='lat' dir='ltr'><strong>Polyb.</strong></span> <span class='ocrx_word' id='word_1_343' title='bbox 2072 3911 2202 4029; x_wconf 21' lang='lat' dir='ltr'><strong>leg..</strong></span> <span class='ocrx_word' id='word_1_344' title='bbox 2226 3972 2345 4012; x_wconf 88' lang='grc' dir='ltr'><strong>ιιο.</strong></span> <span class='ocrx_word' id='word_1_345' title='bbox 2392 3952 2502 4013; x_wconf 84' lang='lat' dir='ltr'><strong>Pol</strong></span> <span class='ocrx_word' id='word_1_346' title='bbox 2541 3955 2605 4011; x_wconf 75' lang='lat' dir='ltr'><strong>b.</strong></span> <span class='ocrx_word' id='word_1_347' title='bbox 2635 3955 2748 4031; x_wconf 79' lang='lat' dir='ltr'><strong>leg.</strong></span> 
     </span>
    </p>
   </div>
   <div class='ocr_carea' id='block_1_8' title="bbox 776 4020 2746 4169">
    <p class='ocr_par' dir='ltr' id='par_1_22' title="bbox 776 4020 2746 4169">
     <span class='ocr_line' id='line_1_45' title="bbox 780 4020 2746 4099; baseline 0.005 -26"><span class='ocrx_word' id='word_1_348' title='bbox 780 4038 899 4073; x_wconf 81' lang='grc' dir='ltr'><strong>ιιι.</strong></span> <span class='ocrx_word' id='word_1_349' title='bbox 970 4020 1052 4075; x_wconf 85' lang='lat' dir='ltr'><strong>Ga</strong></span> <span class='ocrx_word' id='word_1_350' title='bbox 1086 4060 1116 4081; x_wconf 73' lang='lat'><strong>,.</strong></span> <span class='ocrx_word' id='word_1_351' title='bbox 1150 4022 1382 4081; x_wconf 84' lang='lat' dir='ltr'><strong>xxxu.</strong></span> <span class='ocrx_word' id='word_1_352' title='bbox 1416 4022 1622 4095; x_wconf 84' lang='lat' dir='ltr'><strong>Polyb.</strong></span> <span class='ocrx_word' id='word_1_353' title='bbox 1658 4023 1774 4097; x_wconf 81' lang='lat' dir='ltr'><strong>leg.</strong></span> <span class='ocrx_word' id='word_1_354' title='bbox 1801 4024 1922 4082; x_wconf 78' lang='lat'><strong>113.</strong></span> <span class='ocrx_word' id='word_1_355' title='bbox 1960 4022 2168 4097; x_wconf 74' lang='lat' dir='ltr'><strong>Polyb.</strong></span> <span class='ocrx_word' id='word_1_356' title='bbox 2201 4023 2316 4099; x_wconf 71' lang='lat' dir='ltr'><strong>leg.</strong></span> <span class='ocrx_word' id='word_1_357' title='bbox 2339 4028 2458 4095; x_wconf 61' lang='lat'><strong>114.</strong></span> <span class='ocrx_word' id='word_1_358' title='bbox 2553 4023 2746 4083; x_wconf 81' lang='lat' dir='ltr'><strong>iodor.</strong></span> 
     </span>
     <span class='ocr_line' id='line_1_46' title="bbox 776 4087 2218 4169; baseline 0.004 -22"><span class='ocrx_word' id='word_1_359' title='bbox 776 4087 935 4163; x_wconf 75' lang='lat' dir='ltr'><strong>apud</strong></span> <span class='ocrx_word' id='word_1_360' title='bbox 960 4091 1049 4147; x_wconf 83' lang='lat' dir='ltr'><strong>Va</strong></span> <span class='ocrx_word' id='word_1_361' title='bbox 1075 4108 1157 4147; x_wconf 78' lang='lat' dir='ltr'><strong>es.</strong></span> <span class='ocrx_word' id='word_1_362' title='bbox 1196 4092 1405 4163; x_wconf 73' lang='lat' dir='ltr'><strong>Polyb.</strong></span> <span class='ocrx_word' id='word_1_363' title='bbox 1438 4092 1557 4169; x_wconf 81' lang='lat' dir='ltr'><strong>leg.</strong></span> <span class='ocrx_word' id='word_1_364' title='bbox 1589 4095 1708 4152; x_wconf 77' lang='lat'><strong>113.</strong></span> <span class='ocrx_word' id='word_1_365' title='bbox 1971 4135 1976 4144; x_wconf 81' lang='lat'><strong>.</strong></span> <span class='ocrx_word' id='word_1_366' title='bbox 2149 4142 2154 4148; x_wconf 94' lang='lat'><strong>.</strong></span> <span class='ocrx_word' id='word_1_367' title='bbox 2214 4149 2218 4153; x_wconf 85' lang='lat'><strong>.</strong></span> 
     </span>
    </p>
   </div>
   <div class='ocr_carea' id='block_1_9' title="bbox 2871 1626 2883 2221">
    <p class='ocr_par' dir='ltr' id='par_1_23' title="bbox 2871 1626 2883 2221">
     <span class='ocr_line' id='line_1_47' title="bbox 2871 1626 2883 2221; baseline 0 0"><span class='ocrx_word' id='word_1_368' title='bbox 2871 1626 2883 2221; x_wconf 95' lang='lat' dir='ltr'><strong> </strong></span> 
     </span>
    </p>
   </div>
   <div class='ocr_carea' id='block_1_10' title="bbox 2871 1626 2885 2561">
    <p class='ocr_par' dir='ltr' id='par_1_24' title="bbox 2871 1626 2885 2561">
     <span class='ocr_line' id='line_1_48' title="bbox 2871 1626 2885 2561; baseline 0 0"><span class='ocrx_word' id='word_1_369' title='bbox 2871 1626 2885 2561; x_wconf 95' lang='lat' dir='ltr'><strong> </strong></span> 
     </span>
    </p>
   </div>
  </div>
 </body>
</html>
