2917 4709
826 263 833 288 ¹
891 194 954 273 12
984 195 1099 291 1⁵1³
1116 200 1245 328 ¹m
1330 192 1669 281 xnvm..
2223 158 2378 309 5⁶59
2430 185 2434 190 ·

178 440 399 516 esset,-
450 428 835 517 professus·
860 436 987 497 est.
1049 451 1191 518 quo
1234 427 1562 531 exemplo
1607 408 1858 501 omnes
1901 432 2008 499 ad
2041 434 2379 505 studium

178 556 565 625 militandi
615 532 1063 653 concitavit«
1149 557 1231 623 L.
1287 553 2004 645 Lucullus.consul,
2085 562 2208 647 qui
2261 564 2379 632 M.
2466 640 2470 649 ι

183 681 500 751 Claudio
548 683 909 749 Marcello
968 654 1418 749 successerat
1433 672 1486 767 ,‘
1545 700 1776 767 quum
1833 675 2182 753 lacessere
2235 647 2407 753 orn-¹

182 826 312 875 nes
352 805 771 875 Celtiberiae
811 808 1061 893 populi
1109 804 1565 891 viderentur,
1645 808 2046 896 Vaccaeos,
2094 818 2164 879 et
2205 810 2390 879 Can·

180 934 483 1018 tabros,
536 938 605 999 et
658 936 855 1001 alias
890 932 1149 999 'adhuc
1196 934 1598 1023 incognitas
1639 936 1968 1003 nationes
2001 938 2076 1004 in
2119 938 2389 1023 Hispa-¹

188 1063 315 1129 nia
374 1060 677 1150 subegit.
774 1059 909 1157 ‘Ibi
956 1062 1038 1126 P.
1091 1058 1461 1165 Cornelius
1507 1059 1909 1141 Africanus
1971 1028 2202 1151 Scipio
2233 1022 2394 1130 xAe·-

190 1280 271 1339 L.
308 1280 587 1335 omittunt
619 1274 779 1333 Voss'.
810 1277 1272 1349 Leid.-etBerg.{‘
1328 1290 1392 1335 et
1414 1278 1696 1335 Arvaecis
1721 1279 2064 1353 gerebatur,
2104 1275 2394 1335 confecia«

194 1348 365 1431 quod
393 1365 425 1401 a
446 1348 754 1417 proximae
774 1348 939 1403 vocis
959 1347 1131 1404 litera
1150 1348 1264 1403 ini-

196 1417 329 1471 tiali
363 1416 761 1488 interceptum
791 1415 1050 1470 videtur.
1105 1416 1261 1471 Vide

200 1484 279 1540 ad
310 1481 364 1550 ὅ,
396 1502 483 1551 29,
515 1501 568 1537 a.
618 1483 849 1538 Deinde
883 1484 1118 1550 consul,
1158 1486 1266 1541 cui

207 1550 517 1610 Claudius
534 1564 537 1569 “
553 1554 910 1609 Marcellus
957 1571 1264 1609 successe-

202 1630 329 1687 rat,
366 1620 655 1693 placasse
687 1640 896 1677 omnes
917 1622 1265 1679 Celtiberos

203 1690 473 1763 populos
494 1686 814 1745 videretur
836 1692 989 1761 V'oss'.
1023 1688 1263 1763 consul,

206 1761 317 1815 cui
331 1762 423 1814 M.
434 1756 742 1813 Claudius
755 1758 1117 1815 Marcellus
1133 1777 1267 1813 suc-

206 1834 501 1889 cesserat,
538 1844 727 1899 quum
746 1827 1033 1898 placasse
1059 1844 1269 1881 omnes

170 1895 556 1952 »Celtiberos
590 1893 912 1950 videretur
942 1897 1120 1966 Berg.
1159 1903 1271 1946 nec

203 1964 383 2018 aliter
414 1964 560 2025 Lov.
595 1981 647 2016 a.
685 1962 811 2015 nisi
854 1962 1017 2035 quod
1060 1980 1272 2019 omnes

211 2031 593 2089 Celtiberiae
608 2030 877 2105 populos
891 2042 1109 2085 servet.
1132 2050 1271 2087 con·
1308 2048 1313 2054 ·

208 2100 347 2169 sul,
386 2101 490 2155 cui
523 2103 621 2159 M.
654 2098 962 2157 Claudius
994 2096 1273 2158 Marcel·

210 2169 313 2225 lus
336 2178 741 2233 successerat,
783 2186 974 2239 quum
1011 2169 1272 2224 lacesse-

212 2256 284 2295 re
305 2254 515 2291 omnes
533 2236 913 2293 Celtiberiae
944 2238 1167 2311 populi
1190 2237 1277 2291 υἰ-

215 2304 515 2361 derentur
545 2304 712 2358 Leid.
751 2306 836 2358 Ex
868 2305 991 2372 ejus
1026 2304 1277 2375 vestigiis

211 2372 525 2446 legendum
560 2373 814 2439 videtur,
860 2374 937 2429 L.
959 2375 1279 2431 Lucullus

216 2440 477 2510 consul,
514 2443 624 2515 qui
654 2446 754 2500 M.
796 2440 1066 2499 Claudio
1097 2446 1283 2499 Mar-

216 2508 383 2567 cell'o
415 2516 823 2574 successerat,
864 2530 1054 2580 quum
1083 2513 1279 2568 laces-

216 2598 353 2636 sere
398 2596 608 2634 omnes
642 2578 1025 2642 Celtiberiae.
1057 2578 1283 2655 populi

217 2646 603 2703 viderentur.
681 2648 1077 2714 Coniecturae
1132 2646 1281 2702 nihil

218 2714 381 2784 dedi,
400 2715 529 2767 *nisi
647 2716 725 2770 od
758 2718 867 2790 qui
888 2719 983 2772 M.
1006 2716 1280 2773 Claudio

219 2782 543 2843 Marcello
568 2844 574 2848 ,
602 2784 861 2859 egerim,
896 2802 1013 2856 pro
1048 2788 1153 2842 cui
1184 2788 1284 2841 M.

224 2852 463 2909 Claudi
469 2853 922 2911 usMarcellus.
939 2857 1129 2907 Prono
1144 2852 1285 2910 scri-

225 2922 440 2977 barum
470 2920 642 2995 lapsu
676 2924 784 2997 qui
817 2931 878 2975 et
910 2924 1016 2978 cui
1048 2922 1287 2994 saepius

225 2999 686 3053 commutantur.
744 2988 900 3045 Vide
920 2990 993 3043 ad
1011 3010 1064 3061 9,
1084 2994 1172 3058 34,
1201 2989 1286 3055 ¹4·

226 3060 425 3135 Quum
452 3068 645 3111 autem
667 3060 793 3123 cui,
828 3075 945 3129 pro
974 3061 1107 3128 qui,
1143 3059 1291 3113 scri-

268 3138 395 3179 tum
426 3125 587 3180 feret
606 3163 625 3196 ,
664 3137 876 3197 sponte
896 3126 991 3181 M.
1020 3126 1291 3183 Claudio

316 3194 554 3250 arcella
578 3195 640 3249 in
662 3198 761 3253 M.
785 3194 1095 3251 Claudius
1112 3199 1291 3251 Mar-

228 3261 434 3319 cellus
467 3264 680 3317 mutari
713 3262 943 3316 debuit.
998 3257 1312 3318 Gronovii'

226 3332 633 3413 conjecturam
694 3332 959 3402 probare
1020 3348 1254 3405 nequeo
1273 3367 1303 3400 ‚‚

224 3410 447 3474 partim
478 3400 642 3471 quod
670 3400 841 3453 nimis
868 3418 900 3453 a
920 3398 1191 3455 codicum
1208 3400 1290 3452 less

228 3468 432 3524 ctione
448 3472 642 3537 abeat,
663 3468 880 3542 partim
902 3467 1063 3541 quod
1082 3488 1151 3523 ex
1166 3469 1295 3523 nul-

227 3538 291 3593 lo
339 3550 585 3594 auctore
632 3538 851 3593 constet
871 3574 889 3606 ‚
948 3538 1297 3593 Marcellum

226 3606 458 3661 Luculli
472 3610 727 3682 legatum
742 3608 801 3659 in
816 3606 1121 3678 provincia
1139 3624 1300 3661 man.

230 3676 399 3734 aisse.
466 3680 647 3733 Certe
685 3679 841 3748 App.
879 3674 1199 3731 Alexandr.
1237 3675 1297 3727 in

230 3743 396 3798 lber.
426 3764 564 3821 pag.
585 3748 705 3802 28².
728 3754 786 3799 et
806 3745 927 3800 283.
958 3744 1151 3799 refert
1171 3744 1299 3815 qui·

238 3809 396 3878 dem,
433 3813 798 3879 Marcellum,
836 3831 995 3868 anno
1030 3813 1298 3867 consula-

238 3889 335 3933 tus
366 3880 555 3947 finito,
584 3879 654 3935 'in
680 3882 995 3952 provincia
1020 3882 1296 3942 substitis-

241 3963 339 4015 se,
376 3958 468 4017 et,
509 3960 821 4020 antequam
856 3968 1163 4007 successor
1196 3949 1295 4005 ad·

240 4015 496 4082 veniret,
533 4015 776 4083 bellum,
813 4019 975 4091 quod
1002 4039 1133 4075 cum
1160 4018 1295 4073 Gel-

238 4082 498 4143 tiberiae
530 4085 772 4161 populis
804 4088 1021 4159 Bellis,
1060 4087 1296 4156 Titthis,

1301 1368 1304 1371 ·
1330 1366 1429 1404 se:
1481 1350 1608 1420 post
1636 1348 1952 1403 adventum
1988 1365 2136 1403 vero
2163 1342 2395 1406 Luculli

1331 1418 1554 1472 nullam
1615 1418 1742 1485 ejus
1802 1416 2166 1471 mentionem
2225 1416 2398 1471 fecit.
2489 1444 2496 1451 ·

1335 1486 1562 1542 Clariff.
1603 1484 1948 1540 Crevier-ius
1995 1482 2293 1557 vulgatum
2329 1502 2400 1537 u-

1331 1554 1468 1608 nius
1510 1554 1678 1608 vocis
1721 1552 2183 1625 transpositione
2219 1563 2276 1607 et
2307 1552 2399 1606 in·
2464 1584 2480 1599 ·

1333 1621 1776 1695 tex-punctionis
1796 1620 2124 1677 mutatione
2141 1618 2254 1673 hoe
2274 1638 2404 1675 mn-

1338 1692 1415 1745 do
1452 1690 1756 1757 emendat:
1786 1692 1886 1747 ⁸1„
1911 1688 2402 1747 Lucullus-con·-

1339 1759 1474 1825 sul,
1513 1759 1853 1823 (Claudius
1877 1756 2257 1823 Marcellus,
2297 1757 2409 1813 cui

1338 1836 1744 1893 successerat,
1767 1846 2028 1902 pacasse
2043 1843 2252 1883 omnes
2271 1822 2404 1881 Cel-

1341 1896 1610 1953 tiberiae
1642 1896 1910 1971 populos
1945 1915 2136 1969 quiam
2169 1891 2406 1954 videre.-
2475 1909 2482 1915 '

1342 1966 1474 2030 tur)
1512 1966 1837 2030 Vaccaeos,
1869 1974 1980 2019 ctc.
2316 2024 2320 2028 -

1426 2035 1755 2099 Vaccaeos,
1777 2032 2143 2098 Cantabros,
2161 2038 2224 2087 et
2237 2030 2410 2088 alias

1342 2104 1666 2176 regiones,
1719 2110 1784 2157 et
1819 2100 2054 2157 iterum
2101 2100 2270 2155 alias
2311 2101 2408 2155 in-

1344 2193 1416 2229 co
1469 2173 1640 2228 nitas
1672 2172 1960 2227 nationes
1994 2170 2062 2225 in
2093 2167 2410 2239 Hispania

1346 2188 1625 2313 subegit]
1659 2243 1794 2297 Vet.
1819 2239 1930 2293 lib.
1968 2238 2144 2309 longe
2176 2234 2406 2299 melina,

1350 2309 1736 2374 Cantabros,
1775 2314 1838 2363 et
1871 2306 2044 2362 alias-
2073 2304 2279 2361 adhuc
2313 2306 2413 2363 in-

1350 2378 1644 2454 cognitas
1688 2378 1998 2432 nationes.
2055 2374 2212 2428 sle.
2257 2374 2418 2427 Gro-

1350 2446 1566 2500 novius
1584 2462 1741 2498 anno
1761 2446 1912 2499 1665.
1943 2441 2128 2497 edidit
2157 2445 2423 2499 Vaccae-

1353 2533 1440 2579 os,
1478 2521 1541 2568 et
1563 2511 1934 2581 Cantabros,
1974 2520 2038 2568 et
2072 2510 2260 2568 alias.
2301 2508 2422 2567 Cui-

1350 2600 1534 2655 quum
1555 2582 1719 2635 Leid.
1738 2583 1892 2635 Vols.
1915 2583 2092 2652 Berg.
2121 2580 2341 2637 etLoV.
2359 2598 2416 2647 ῃ.
2494 2629 2499 2634 ,

1350 2652 1882 2716 consentiant,eam
1895 2648 2419 2719 lectionem,quam

1351 2718 1984 2788 DoujatiuS‚Clericus,
2002 2728 2059 2771 et
2075 2715 2419 2775 Crevier-ius

1356 2788 1790 2860 repudiarunt,
1827 2785 2084 2842 servavi.
2152 2782 2308 2841 Vide
2341 2781 2421 2836 ad

1354 2855 1516 2929 Epit.
1540 2862 1591 2923 4.
1627 2856 1690 2909 in
1715 2856 1852 2909 fine.
1919 2857 1987 2911 In
2018 2853 2252 2925 reliqua
2281 2868 2420 2925 par·

1356 2936 1415 2980 te
1446 2925 1776 2983 verborum
1810 2923 2070 2997 priscam
2100 2922 2424 2977 lectionem

1356 2995 1582 3066 probat
1611 2995 1795 3047 Norv.
1830 2989 2100 3045 Hearnii.
2168 2990 2244 3047 At
2287 3006 2424 3043 cum

1359 3073 1480 3118 vet.
1527 3062 1638 3114 lib.
1696 3059 1923 3131 Sigonii
1978 3059 2204 3113 faciunt
2248 3055 2420 3111 Leid.

1360 3130 1523 3185 Voff.
1555 3131 1733 3201 Berg.
1765 3132 1911 3184 Lov.
1933 3145 1986 3181 a.
2018 3124 2248 3181 Boend.
2279 3126 2421 3180 Exc.

1360 3198 1617 3265 Pitheci,
1657 3209 1718 3251 et
1745 3196 1842 3251 ed.
1878 3198 2085 3267 camp.
2141 3192 2424 3249 Editores

1360 3266 1612 3339 Sigonio
1642 3262 2000 3337 posteriores
2030 3272 2194 3318 reete
2227 3266 2425 3319 emen.

1364 3332 1528 3389 danti
1561 3330 1826 3387 obedire.
1850 3341 2203 3395 recusarunt
2234 3347 2424 3405 usquo

1364 3402 1441 3457 ad
1471 3402 1828 3469 Gruterum,
1865 3402 1966 3475 qui
1997 3408 2223 3454 mutato
2256 3397 2422 3453 ordi-

1362 3488 1440 3525 ne
1470 3470 1718 3533 restituit
1748 3472 1916 3528 alias
1933 3470 2294 3543 incognitas
2313 3466 2426 3525 acl-
2507 3536 2512 3541 ⁶

1368 3538 1494 3597 huc
1510 3542 1800 3596 nationes
1809 3559 1833 3609 ς
1869 3538 2028 3623 quod
2047 3536 2423 3603 festinationi,

1368 3624 1542 3681 quam
1579 3607 1900 3663 innovandi
1933 3606 2156 3674 studio,
2205 3604 2428 3661 adscri-

1338 3720 1343 3725 .
1366 3680 1516 3733 bere
1533 3676 1688 3737 malo
1705 3698 1724 3745 3
1759 3676 1902 3733 licet
1917 3684 2114 3729 tamen
2131 3673 2430 3729 recentio-

1368 3762 1467 3801 res
1514 3745 1830 3800 lectionem
1873 3762 1906 3801 a
1951 3746 2216 3801 Grutero
2264 3742 2430 3797 inve-

1369 3826 1518 3869 ctam
1555 3813 1944 3868 retinuerintae
1987 3814 2307 3869 Praeterea
2330 3812 2427 3867 in-

1370 3884 1659 3956 cognitas
1717 3885 1787 3939 in
1831 3881 2142 3953 Hispania
2202 3888 2444 3955 gentes»

1364 3952 1504 4005 Exc.
1541 3950 1795 4004 Pithoei.

1434 4021 1511 4076 Ρ.
1529 4018 1853 4090 Cornelius
1865 4018 2202 4091 Africanus
2212 4008 2430 4087 Scipio

1365 4086 1782 4159 Aemilianus]
1795 4086 2160 4164 Africanus,
2179 4086 2307 4167 sine
2323 4084 2429 4169 du·
