2917 4709
371 153 376 159 ”
483 157 628 256 140
731 234 760 241 ,
1293 159 1385 263 Τ.
1486 153 1923 259 L1V11·J·

427 466 432 473 ·
477 425 687 489 miles·
717 451 740 493 .·
815 418 1274 487 Macedonas
1312 427 1645 504 prompta
1690 442 1776 486 ex
1819 420 2009 507 regio
2051 417 2465 507 adparatu,
2496 433 2653 508 -ρὲν

357 570 448 639 aa
478 554 587 613 tot
623 534 858 613 ἷτηηόε
895 548 1126 629 patri-s·
1163 546 1278 609 sui
1315 566 1495 611 cura
1540 554 1609 610 et
1638 547 1927 630 inpensa
1951 544 2189 624 facta.
2278 545 2676 611 Commea-'

477 652 649 738 tum'
701 672 846 739 illis
915 690 1140 757 quum
1167 671 1488 763 procul,
1560 677 1717 735 tum
1782 671 2129 736 omnibus
2160 668 2291 745 sub
2354 672 2653 737 casibus

385 826 392 835 ·
473 790 871 862 maritimis
909 795 1120 875 fore.-
1171 813 1246 859 se
1285 800 1352 859 et
1372 774 1750 880 pecuniam
1795 803 1862 859 et
1889 795 2383 878 frumentum,
2434 812 2647 878 prae·-

474 930 586 1014 ψει·
635 918 924 1013 reditus!
961 915 1428 1001 metallorum
1457 966 1485 1002 ,
1538 921 1608 985 in
1663 894 1904 984 de‘cem
1956 936 2185 1002 annos·
2227 923 2645 1011 seposuisse.

358 1036 448 1117 ιδ
479 1047 742 1115 Omnia
768 1089 792 1128 ,
868 1034 1056 1143 quae
1086 1040 1415 1147 Deorum
1445 1015 1955 1133 indulgentia,
1997 1062 2181 1130 quae
2228 1046 2424 1133 regia
2464 1033 2651 1113 card

439 1244 443 1253 ’
537 1258 590 1329 §.
633 1261 716 1316 ii.
757 1263 947 1319 Arma
973 1258 1123 1317 illos
1156 1264 1383 1322 habere
1415 1284 1489 1321 ea
1510 1302 1529 1331 ,
1598 1262 1855 1319 fieilibus
1888 1259 2255 1331 reipublicae
2281 1262 2649 1333 temporibus

470 1348 624 1403 quae
644 1331 762 1387 sibi
779 1334 1348 1403 quisqueparaverit
1373 1337 1527 1404 pa'u-
1598 1333 1813 1387 factum
1844 1330 2032 1395 suine,
2072 1346 2249 1405 quum
2281 1347 2460 1394 arma,
2496 1348 2650 1403 quae

465 1417 580 1472 per
610 1400 812 1463 miles]
859 1400 1080 1454 Milites
1099 1401 1386 1457 Romanos
1408 1405 1527 1457 sibi

470 1468 544 1525 de
573 1487 679 1523 suo
705 1484 996 1543 quemque
1027 1470 1187 1522 'arma
1214 1472 1522 1544 paravisse,

467 1554 612 1603 non,
652 1548 716 1592 ut
745 1536 1118 1597 Macedonas,
1160 1540 1524 1610 publicasirn-

515 1623 656 1660 ensa
678 1606 830 1661 faeta
847 1622 913 1657 ex
933 1608 1398 1661 armamentariis
1417 1626 1541 1679 pu„

427 1720 430 1730 .
465 1622 644 1730 {licis
673 1673 1006 1747 accepisse,
1043 1674 1285 1729 ostendit
1320 1692 1523 1729 narra.

466 1745 555 1797 tio
588 1742 738 1795 Livii
780 1764 840 1804 1,
874 1744 962 1807 43.
1001 1739 1072 1811 de
1110 1757 1286 1797 censu
1321 1761 1352 1796 a
1387 1742 1521 1799 Ser.

467 1808 668 1867 Tullio
707 1809 960 1863 instituto
983 1848 1000 1870 ‚
1057 1820 1112 1864 et
1148 1812 1428 1881 Polybius
1464 1814 1518 1876 6,

465 1897 555 1934 αι.
592 1880 734 1933 Nam
752 1878 878 1932 Ser.
897 1878 1148 1944 Tullius,
1179 1897 1354 1950 quum
1373 1880 1518 1933 belli

463 1947 746 2021 pacisque
787 1948 985 2000 munia
1034 1964 1145 2016 pro
1181 1949 1386 2002 habitu
1421 1965 1523 2015 pe-

467 2015 774 2103 cuniarum
801 2014 928 2067 fieri
949 2016 1232 2080 voluiss'et,
1273 2034 1379 2070 sua
1396 2017 1517 2068 eui-

467 2098 583 2157 que
617 2083 768 2137 claffi
811 2100 975 2135 arma
1007 2102 1075 2135 ex
1110 2101 1287 2137 censu
1319 2085 1515 2155 impe·
1591 2101 1705 2156 apu

1596 1401 1669 1461 ad
1691 1418 1918 1453 manum
1941 1408 2129 1464 erant,
2166 1416 2285 1452 non
2305 1398 2651 1453 sufficerent

1594 1470 1890 1522 armandis
1928 1466 2227 1532 omnibus,
2264 1467 2363 1539 qui
2400 1468 2649 1522 sublatis
2720 1522 2727 1529 ,

1594 1535 2005 1592 vacationibus
2054 1538 2291 1589 nomina
2342 1532 2645 1591 dederant.

1594 1606 1712 1660 Sed
1762 1606 1811 1660 si
1854 1603 2068 1658 milites
2102 1603 2352 1657 Romani
2390 1604 2500 1656 sibi
2538 1622 2650 1658 suo

1592 1680 1975 1727 sumtu'arma
2009 1682 2323 1741 pararunt,
2372 1671 2514 1741 quid
2551 1669 2650 1738 est,

1636 1741 1753 1794 uod
1776 1741 2051 1811 Polybius
2078 1742 2131 1803 6,
2153 1742 2240 1803 37.
2279 1739 2442 1805 djeit,
2472 1757 2649 1812 quae-

1590 1758 1801 1866 storem
1834 1808 1906 1861 de
1953 1808 2241 1877 stipendio
2281 1817 2483 1864 eorum
2530 1826 2650 1881 pro

1590 1880 1904 1935 frumento,
1946 1880 2118 1941 veste,
2158 1886 2221 1931 et
2242 1877 2295 1931 si
2323 1885 2649 1948 praeterea

1593 1947 1789 2001 armis
1807 1944 2113 2014 aliquibus
2130 1946 2649 2017 indigerent‚cer-

1592 2028 1705 2071 tam
1775 2016 2038 2066 ecuniam
2057 2013 2389 2070 deduxill'e?
2414 2026 2469 2068 et
2490 2010 2647 2086 quod

1800 2082 1988 2135 Tacit.
2041 2100 2086 2133 ι.
2139 2083 2294 2137 Aun.
2341 2086 2423 2137 16.
2478 2082 2646 2135 miles

465 2152 642 2207 ravit.
680 2151 999 2205 Probabile
1031 2150 1360 2224 quoque.in
1389 2168 1514 2203 eam
1586 2151 1947 2205 Percennius
1994 2150 2304 2222 queritur,
2358 2152 2535 2208 denis
2574 2152 2646 2205 in
2692 2154 2709 2167 ”

464 2237 592 2273 rem
621 2229 1020 2292 argumentum
1044 2220 1314 2289 praebet,
1356 2220 1517 2289 quod
1587 2218 1749 2281 diem
1772 2218 2012 2275 assibus
2042 2222 2325 2276 animam
2350 2228 2406 2276 et
2430 2238 2649 2292 corpus

467 2277 696 2342 Gellius
731 2290 812 2355 16,
839 2306 922 2342 10.
960 2304 1028 2341 ex
1052 2288 1238 2341 Ennio
1269 2300 1326 2343 et
1352 2290 1514 2344 Julio

1589 2289 1943 2354 aestimari3
1988 2288 2130 2341 hinc
2154 2299 2395 2353 vestem,
2437 2307 2646 2353 arma,

375 2415 380 2422 ¹
463 2350 672 2411 Paullo
695 2356 924 2421 scribit,
964 2352 1324 2428 proletarios
1351 2374 1515 2428 aspe-
1587 2359 1851 2413 tentoria
1888 2356 2157 2411 redimi?
2212 2360 2349 2411 Nam
2389 2358 2435 2410 si
2474 2359 2643 2411 miles

463 2425 551 2477 ris'
586 2424 953 2505 reipublicae
997 2425 1364 2493 temporibus
1409 2444 1514 2499 pu·
1585 2426 1713 2497 ipse
1749 2416 1874 2480 sibi‘
1892 2442 2050 2477 arma
2084 2427 2352 2494 parabat,
2392 2444 2500 2479 eur
2529 2440 2645 2497 pro

463 2493 707 2547 blicitus
734 2502 988 2545 armatos
1012 2493 1198 2560 fuine,
1236 2504 1294 2547 et
1321 2496 1515 2564 publi·
1588 2496 1663 2549 iis
1693 2492 1917 2567 aliquid
1948 2492 2021 2545 de
2051 2493 2338 2565 stipendio
2368 2494 2524 2547 illius
2544 2494 2648 2547 de·-

464 2578 539 2615 co
591 2570 784 2613 sumtu
838 2578 1000 2615 arma
1050 2562 1368 2635 accepisse.
1443 2564 1523 2616 Hi

467 2629 658 2693 euim,
701 2628 840 2700 quia
871 2628 930 2681 in
965 2630 1268 2695 clall'ibus,
1307 2632 1522 2703 quibus

465 2714 630 2751 arma
677 2714 744 2750 ex
792 2714 972 2751 ceusu
1010 2698 1295 2769 imperata
1327 2710 1521 2763 erant,

466 2784 582 2819 non
616 2765 1027 2829 censebantur,
1063 2768 1174 2836 ipsi
1208 2784 1368 2821 arma
1403 2786 1524 2822 non

466 2834 786 2887 habebant.
823 2836 954 2889 Non
981 2835 1220 2888 memini
1258 2838 1316 2889 in
1346 2836 1523 2889 Livio

467 2918 714 2972 usquam
755 2918 1055 2974 armorum
1098 2921 1236 2956 cura
1280 2904 1527 2976 publica

459 2980 812 3043 ‘paratorum
839 2971 1194 3025 mentionem
1217 2972 1368 3037 fieri,
1407 2972 1521 3025 nisi

467 3040 660 3107 22‚57.
695 3037 856 3109 quod
888 3037 959 3091 de
987 3040 1196 3105 servis,
1233 3058 1382 3113 quos
1413 3059 1523 3109 pu-

465 3106 627 3161 blice
662 3116 875 3173 emtus,
913 3118 976 3160 ut
1007 3109 1367 3175 militarent,
1405 3110 1521 3161 ibi-

469 3173 599 3227 dem
635 3172 873 3236 scribit,
915 3176 1324 3248 accipiendum
1357 3194 1521 3230 reor.

467 3242 560 3296 Ad
578 3259 644 3295 ea
659 3240 1005 3299 fabricanda
1025 3251 1217 3299 aute'm
1237 3256 1354 3298 tum
1376 3263 1524 3318 quo-

469 3328 583 3382 que
622 3311 899 3375 officinae
936 3330 1235 3366 armorum
1273 3313 1334 3367 iu
1373 3314 1524 3367 urbe

471 3390 633 3432 extra
699 3376 974 3433 'ordinem
1043 3381 1258 3434 institui
1317 3392 1533 3453 potue-

469 3458 642 3515 runt3
685 3464 826 3519 quas
863 3449 1081 3521 alioqui
1113 3449 1303 3504 nullas
1339 3453 1395 3502 in
1429 3468 1525 3501 ur.

465 3516 548 3571 be
568 3516 755 3577 fuiss'e,
792 3529 1138 3587 argumento
1172 3529 1305 3571 sunt
1338 3517 1526 3573 verba

471 3584 780 3641 Ciceronis
830 3584 889 3637 in
931 3598 1136 3641 senatu
1163 3605 1216 3653 7.
1269 3586 1562 3659 Philipp.¹

435 3658 525 3721 ,4.
571 3651 643 3706 de
677 3662 985 3724 tempore,
1037 3672 1154 3725 quo
1198 3654 1423 3707 Hirtius
1469 3665 1527 3707 et

465 3724 657 3776 Pansa
689 3723 960 3776 eonsules
992 3722 1210 3776 bellum
1249 3721 1526 3777 adversus

468 3789 791 3845 Antonium
826 3792 1111 3845 Mutinam
1151 3790 1526 3843 obsidentem

469 3876 679 3930 gerere
715 3857 840 3924 iniri
885 3858 1155 3922 fuerant,
1211 3878 1525 3915 armorum

471 3924 758 4000 officinas
793 3930 860 3983 ἰη
901 3928 1051 3984 urbe
1083 3926 1319 3984 videtis.
1386 3926 1527 3981 Nam

471 4004 540 4048 ex
575 3996 644 4049 iis
673 3995 894 4063 liquet,
934 3995 994 4049 id
1025 3996 1318 4050 insolitum
1352 4006 1529 4064 atque

422 4084 429 4091 ·
471 4065 1022 4129 extraordinarium,
1061 4076 1118 4121 et
1137 4082 1258 4120 non
1277 4066 1393 4120 nisi
1415 4065 1528 4122 dif-

1596 2560 1979 2617 trahebatur?
2014 2562 2133 2615 Pro
2154 2560 2448 2616 frumento
2470 2573 2528 2614 et
2547 2576 2647 2615 ve-

1591 2632 1667 2685 ste
1697 2628 2119 2697 deducebatur,
2162 2633 2299 2702 quia
2336 2648 2402 2684 ea
2438 2629 2513 2683 de
2544 2648 2651 2701 pu·
2712 2653 2737 2679 a

1594 2699 1755 2753 blico
1811 2697 2176 2767 accipiebat:
2235 2702 2389 2753 unde
2438 2714 2650 2751 eonse-

1595 2786 1778 2839 quens
1812 2769 1917 2826 est,
1968 2766 2105 2837 quia
2139 2784 2249 2839 pro
2289 2768 2466 2821 armis
2496 2783 2650 2838 quo·

1638 2854 1706 2890 ue
1728 2834 1951 2907 aliquid
1974 2834 2397 2896 deducebatur,
2432 2852 2517 2897 ea,
2552 2832 2649 2885 iti·
2708 2847 2713 2851 ’

1593 2855 1724 2958 dem
1758 2916 1820 2956 ut
1841 2906 2195 2973 frumentum
2228 2916 2285 2957 et
2305 2904 2533 2967 vestem,
2572 2900 2648 2953 de

1635 2973 1835 3027 ublico
1867 2973 2137 3041 praebita
2174 2968 2361 3026 fuiss'e.
2412 2970 2649 3043 Lipsius

1632 3080 1645 3093 .
1685 3039 1756 3094 de
1785 3041 1963 3094 Milit.
2000 3042 2164 3095 Rom.
2192 3042 2277 3095 16.
2310 3040 2425 3092 levi
2465 3038 2649 3109 expli-

1593 3111 1825 3176 catione
1854 3110 2169 3163 verborum
2192 3107 2420 3177 Polybii
2446 3118 2503 3160 et
2534 3110 2652 3160 Ta-

1594 3178 1697 3232 citi
1750 3177 2127 3249 defungitur,
2183 3194 2289 3229 nec
2327 3174 2648 3248 quidquam

1593 3245 1793 3311 aliud,
1852 3263 2023 3319 quam
2068 3246 2279 3298 horum
2322 3243 2648 3299 testimonio
2712 3262 2721 3269 ·

1598 3314 1804 3378 docet,
1840 3333 1952 3385 pro
1985 3314 2160 3367 armis
2200 3312 2515 3385 pauxillum
2589 3328 2651 3364 e.

1597 3382 1808 3437 cuniae
1838 3385 1909 3436 de
1938 3380 2216 3453 stipendio
2250 3382 2500 3435 militum
2586 3398 2645 3432 e-

1567 3450 1836 3505 ductum
1866 3452 2069 3505 fuisse.
2112 3449 2224 3503 Sed
2258 3451 2373 3503 hoc
2405 3466 2527 3501 non
2557 3466 2648 3503 sa·
2727 3490 2736 3500 .

1582 3520 1673 3572 'tis
1703 3522 1779 3575 est
1806 3517 2369 3588 adlintelligendurm
2411 3516 2511 3587 qui
2540 3518 2650 3569 mi-

1596 3588 1727 3643 lites
1753 3624 1769 3654 ,
1827 3600 1882 3641 et
1929 3588 2164 3660 quando
2206 3604 2367 3640 arma
2404 3580 2648 3656 publicu

1596 3658 1956 3729 acceperint.
2030 3656 2178 3710 Mihi
2232 3673 2351 3708 non
2404 3654 2651 3708 dubium

1598 3724 1709 3792 est,
1761 3726 1904 3797 quin
1942 3736 2191 3796 uterque
2220 3722 2292 3775 de
2324 3723 2500 3776 armis
2538 3723 2648 3774 rni-

1596 3791 1796 3856 litum,
1850 3793 1950 3864 qui
1987 3792 2264 3845 adversus
2296 3793 2480 3845 hostes
2520 3808 2653 3843 rem.

1598 3863 1911 3944 gerebant,
1954 3871 2011 3913 et
2037 3862 2280 3913 maxime
2313 3877 2507 3913 eorum
2543 3859 2649 3931 qui

1601 3948 1656 3982 m
1690 3930 2017 4001 provinciis
2050 3929 2403 3993 militabant,
2443 3928 2649 3999 loqua-

1596 4008 1729 4063 tur,
1768 4015 1885 4051 non
1926 3996 1995 4049 de
2035 3997 2210 4049 armis
2241 4014 2484 4060 eorum,
2522 3996 2646 4065 qui,

1576 4065 1911 4149 ·delectuin
1944 4056 2092 4120 urbe
2114 4066 2343 4134 habito,
2384 4068 2445 4120 in
2468 4065 2649 4139 legio-
2680 4125 2683 4129 ¹
