2917 4709
512 150 662 271 244
1003 201 1083 277 ιΙ
1315 124 1427 243 Τ]
1494 170 1889 247 ·1,1v11
2001 234 2006 245 .

430 420 480 494 9
506 370 829 502 recipit..
900 394 1233 497 G'yretias
1276 397 1708 496 obpugnare
1751 376 2100 483 coactus}
2159 395 2408 493 ‘primo
2453 392 2678 466 etiam

506 523 625 597 die
670 520 821 593 acri
853 547 1217 625 concursu
1262 524 1357 593 ad
1383 534 1639 621 portas
1679 535 2126 606 armatorum
2155 498 2254 591 est
2280 516 2621 614 repulsus
2648 543 2674 588 ε

479 634 815 749 ‘postero‘
848 646 967 719 die
1012 647 1352 720 omnibus
1395 648 1632 747 copiis
1675 645 2022 732 adortus,
2095 643 2172 713 in
2214 640 2668 715 deditionem

507 776 765 844 omnes
812 758 982 843 ante
1020 789 1320 845 noctem
1363 772 1674 871 accepit.

439 922 473 968 ι
650 901 838 970 mv.
892 898 1180 994 Mylae,
1236 875 1664 996 proximum.
1693 892 2093 994 oppidum,
2149 890 2251 964 ita
2290 892 2678 989 munitum,

495 1017 591 1092 ¹ut
652 1020 1261 1119 inexsuperabilis
1315 1021 1746 1092 munimenti
1794 1045 1962 1117 spes
2022 1018 2303 1091 incolas
2347 1016 2681 1091 ferocia·
2743 1008 2752 1016 ⁴

504 1170 625 1217 res
678 1142 1006 1230 faceret,
1080 1170 1237 1215 non
1278 1162 1536 1243 portas
1583 1144 1928 1245 claudere
1971 1142 2132 1240 regi
2165 1142 2358 1241 'satis
2402 1144 2683 1216 habue-

506 1286 724 1357 runt,
800 1244 934 1339 sed
971 1267 1273 1365 probris
1326 1292 1626 1366 quoque
1666 1269 1742 1338 in
1792 1270 2032 1367 ipsum
2076 1268 2680 1367 Macedonasque

368 1466 375 1471 ,
437 1420 482 1471 2
512 1391 958 1492 procacibus
999 1392 1313 1488 jaculati
1347 1408 1539 1464 sunt.
1615 1417 1808 1488 quae
1851 1388 2014 1481 res,
2084 1418 2311 1489 quum
2357 1391 2684 1464 infestio-

510 1542 667 1587 rem
704 1515 978 1589 hostem
1008 1517 1117 1588 ad
1164 1515 1740 1616 obpugnandum
1779 1514 2140 1627 fecisset‚'
2173 1516 2380 1613 ipsos
2413 1516 2684 1614 despe-
2795 1532 2804 1536 ’
2897 1533 2899 1577 2

436 1644 487 1721 3
510 1624 1095 1714 ratione‘veniae
1143 1638 1239 1711 ad
1275 1640 1593 1713 tuendos
1620 1664 1783 1713 sese
1821 1640 2062 1711 acrius
2103 1639 2465 1712 accendit.
2535 1643 2685 1711 Ita-

362 1776 371 1787 ”
514 1791 659 1863 que
702 1764 834 1865 per
872 1767 1195 1838 triduum
1232 1762 1654 1863 ingentibus
1702 1762 2072 1861 utrimque
2113 1765 2373 1835 animis
2421 1779 2495 1834 et
2540 1749 2726 1835 ob·-s

511 1907 884 1989 pugnatae
923 1908 1117 1976 sunt,
1168 1908 1241 1962 et
1276 1889 1652 1961 defensae.
1756 1868 2150 1958 Multitudo
2187 1888 2679 1960 Macedonum

512 2010 611 2083 ad
631 2011 1088 2088 subeundum
1110 2012 1187 2082 in
1211 2012 1437 2083 vicem
1457 2008 1822 2111 proelium
1859 2010 2057 2081 haud
2085 1999 2478 2084 difficulter
2513 2034 2684 2083 suc-

515 2135 874 2219 cedebat:
927 2137 1387 2237 oppidanos,
1442 2135 1662 2224 diem,
1713 2140 2009 2207 noctein
2047 2135 2350 2208 eosdem
2387 2150 2682 2207 tuentes

2375 2282 2582 2330 moe·

514 2493 656 2548 etc.]
709 2487 891 2540 Recte
931 2485 1163 2542 monuit
1196 2485 1561 2551 Crevierius,
1631 2494 1690 2539 et
1721 2498 1787 2537 ex
1816 2482 2086 2557 proxima
2106 2498 2256 2537 voce
2284 2453 2566 2538 omnibu's
2589 2493 2698 2535 rea.

513 2554 781 2609 excidiffe
810 2555 903 2608 bic
930 2573 1144 2609 nomen
1164 2556 1353 2620 urbis,
1390 2572 1562 2626 quam

1627 2555 1876 2625 petitam
1919 2551 2146 2616 credit,
2199 2550 2506 2605 delendam
2549 2566 2686 2605 cen.

511 2624 712 2696 primo
744 2621 998 2678 adventu
1024 2627 1272 2679 Perseus
1308 2626 1560 2696 recepit.

1630 2622 1768 2676 suit.

1701 2753 1754 2825 §0
1797 2760 1844 2808 i.
1896 2752 2158 2811 Probris
2200 2772 2436 2825 quoque
2484 2753 2551 2809 in
2588 2755 2686 2824 ip·

1633 2843 1770 2879 sum
1792 2824 2287 2890 Macedonasque
2318 2823 2688 2890 procacibus

1620 2891 1901 2968 jaculati
1931 2896 2107 2959 sunt]
2165 2892 2478 2947 usitatiora
2508 2890 2688 2963 jacu-

1638 2963 1763 3018 lari
1792 2960 2029 3031 aliquid
2067 2962 2158 3013 vel
2191 2977 2300 3028 pro
2337 2976 2520 3031 scopo
2545 2994 2565 3027 ,
2616 2970 2685 3014 ut

582 2754 631 2823 §.
655 2776 709 2827 9.
750 2758 1017 2828 Cyretias
1047 2758 1405 2833 obpugnare
1426 2776 1562 2812 coa-

462 2824 468 2841 ¹
514 2833 669 2886 ctus]
706 2835 988 2893 conatus,
1025 2834 1359 2898 perspicue.
1416 2827 1562 2881 SIG.

515 2897 752 2966 Optime
798 2894 946 2953 vidit
990 2896 1367 2960 cit-ovinius,
1422 2896 1564 2957 lieet

514 2980 717 3019 omnes
769 2962 1027 3017 editores
1079 2964 1307 3037 Sigonii
1361 2964 1561 3030 conie-

515 3032 741 3086 cturam
775 3032 1145 3103 receperint,
1181 3033 1559 3104 perspicuum

516 3112 713 3155 tamen
756 3101 900 3161 effe,
951 3102 1147 3172 primo
1191 3102 1337 3154 nihil
1370 3098 1560 3153 minus

518 3168 842 3223 convenire
880 3166 1014 3222 huic
1042 3170 1215 3234 loco,
1252 3186 1423 3241 quam
1457 3176 1559 3221 vo-'

517 3254 643 3291 cem
678 3244 970 3305 conatus3.
1020 3254 1139 3289 non
1173 3238 1324 3290 enim
1347 3240 1562 3289 Persea

516 3304 784 3375 Cyretias
807 3306 1147 3376 obpugnare
1175 3317 1445 3358 conatum
1475 3322 1562 3360 es·

515 3391 618 3439 ee,
684 3372 785 3427 sed
830 3374 1199 3443 obpugnasse
1246 3390 1457 3427 revera
1507 3384 1564 3426 et

514 3442 762 3515 cepisse:
815 3438 1027 3494 deinde
1070 3459 1270 3495 vocem
1320 3451 1564 3497 coactus

513 3512 612 3568 hic
636 3511 904 3583 apprime
936 3510 1248 3583 quadrare.
1301 3512 1463 3576 Nam,
1503 3522 1566 3579 pt

513 3580 715 3633 Livius
744 3589 964 3640 narrat,
1004 3580 1218 3650 Persea
1250 3581 1445 3651 primo
1468 3578 1561 3633 ad-

514 3656 696 3703 ventu
734 3647 939 3701 urbem
978 3648 1037 3700 in
1074 3647 1428 3701 Perrhaebis
1474 3666 1566 3701 re-

514 3716 759 3787 cepiss'e3
800 3727 859 3769 at
893 3734 1011 3769 non
1047 3716 1245 3769 eadem
1283 3716 1566 3769 facilitate

515 3785 770 3856 Cyretiis
806 3785 1059 3854 potitum
1092 3784 1221 3837 effe.
1262 3784 1373 3837 Eas
1410 3785 1566 3835 enim

440 3906 443 3917 ,
514 3869 864 3926 oppugnare
911 3858 1224 3917 coactum,
1284 3862 1343 3903 et
1388 3851 1564 3905 etiam

464 3978 473 3987 ,
510 3925 710 4005 primo
756 3916 850 3973 die
895 3921 1193 3991 repulsum
1232 3920 1362 3973 effe.
1432 3920 1565 3972 Mox

514 3988 673 4043 idem
710 3990 805 4043 vir
840 3988 1045 4041 doctus
1088 4005 1294 4041 vocem
1331 4005 1559 4052 omnes,

516 4073 690 4131 quam
722 4057 955 4113 nullum
984 4056 1081 4111 hic
1105 4058 1301 4115 locum
1320 4058 1565 4127 habere,

1634 3048 1859 3095 corvos,
1895 3031 2116 3085 dextra
2137 3045 2348 3083 sacras
2365 3045 2558 3092 arces,
2587 3028 2686 3081 vel

1633 3118 1745 3174 pro
1767 3100 1908 3164 telo,
1952 3098 2108 3149 velut
2130 3098 2336 3169 ignem
2358 3096 2688 3171 puppibus-9

1630 3178 1729 3223 aut
1764 3188 1797 3223 e
1824 3166 2118 3233 nubibus,
2176 3182 2369 3232 panes
2399 3165 2474 3220 de
2503 3168 2682 3233 Capi-

1631 3234 1817 3299 ΐοζίο,
1859 3253 2076 3302 orn053
2118 3245 2238 3285 tuin
2272 3235 2398 3287 sine
2431 3252 2564 3289 casu
2582 3233 2689 3307 ja-

1633 3303 1834 3361 culari
1863 3322 1939 3361 ex
1973 3322 2252 3369 summo,
2293 3298 2584 3373 jaculari
2617 3304 2687 3359 in

1633 3374 1919 3429 dextrum
1948 3370 2134 3443 latus.
2178 3370 2290 3426 Sed
2313 3381 2370 3423 et
2401 3372 2482 3423 sic
2503 3372 2688 3444 Quin..

1635 3445 1723 3498 til.
1776 3441 1884 3494 lib.
1920 3459 1972 3510 9.
2013 3440 2188 3494 Instit.
2225 3458 2276 3493 a.
2349 3438 2424 3495 Si
2469 3446 2687 3509 pater,

1629 3513 1736 3583 -qui
1764 3508 2061 3579 infamem
2095 3510 2160 3564 in
2181 3516 2447 3565 matrem
2465 3507 2686 3573 filium

1636 3585 1862 3636 secreto
1892 3578 2211 3635 occidisset
2231 3612 2247 3639 ‚
2304 3596 2442 3633 reus
2477 3576 2689 3633 malae

1635 3649 2045 3711 tractationi5‚
2054 3645 2441 3720 jacularetur
2455 3648 2520 3702 in
2537 3665 2694 3703 uxo-

1636 3736 1763 3771 rem
1787 3715 2050 3785 obliquis
2065 3718 2409 3772 sententiis.
2443 3714 2566 3779 sed,
2597 3716 2690 3770 ibi

1638 3787 1698 3837 in
1739 3785 1864 3838 MS.
1894 3784 2058 3839 suiffe
2083 3782 2486 3857 jacularetur,
2523 3784 2690 3841 testa-

1635 3864 1736 3906 tur
1772 3852 2116 3907 Gebhardus
2163 3860 2234 3913 [3.
2270 3851 2569 3925 Crepund.
2613 3860 2686 3915 1.]
2717 3914 2725 3920 ,

1635 3922 1712 3977 Ut
1743 3923 1899 3993 apud
1929 3922 2182 3976 nostrum
2216 3923 2400 3986 lib.··7‚
2433 3926 2542 3984 fio,
2575 3921 2690 3983 ιὰ]

1639 3991 1808 4046 Inter
1842 3993 2185 4047 carminum
2219 4009 2405 4061 prope
2435 3989 2690 4043 modum

1633 4059 1952 4117 incondita
1985 4059 2291 4133 quaedam
2319 4058 2690 4117 militariter

2730 280 2740 311 Ι
