2917 4709
356 405 465 550 ,Ξῖ
492 407 703 546 δῖῗὲἓῑ

444 547 534 600 Ex
557 551 691 602 urbe

724 199 849 272 aaa
904 174 1479 276 meliusnam
1501 177 2342 276 sacramenrorum
2371 209 2521 274 m.
2538 207 2668 273 xi.

856 419 1121 485 XXXV.
1166 415 1290 480 His
1324 417 1412 480 ita
1441 420 1860 501 praeparatis,
1901 419 2342 504 praemittitur
2357 422 2428 481 in
2461 423 2730 504 Syriam

734 501 1090 564 Diodorus.
1174 500 1548 562 Demetrius
1570 542 1585 572 ‚
1642 501 1708 560 in
1741 521 1875 562 eam
1913 502 2086 564 diem
2107 545 2124 574 ‚
2170 523 2292 584 qua
2323 515 2461 564 erat
2495 504 2728 565 abitu-

380 616 661 690 ’,ψαῦ’
734 603 891 656 rus,
960 581 1184 668 paucis
1238 577 1728 643 domesticorum
1786 603 2003 646 secum
2043 583 2358 654 retentis,
2423 599 2728 646 ceteram

728 665 980 730 turham
1032 663 1429 748 praecedere
1471 664 1822 745 Anagninum
1856 665 2073 744 jubet3
2135 678 2202 724 et
2239 683 2382 724 cum
2437 666 2730 728 canibus

726 760 1165 828 apparatuque
1232 744 1530 808 venatico
1594 745 1672 805 ad
1737 745 2074 807 Circaeum
2145 744 2272 806 sibi
2334 766 2727 810 occurrere.

722 848 871 895 nam
914 827 1008 888 ibi
1050 847 1157 888 sae
1208 847 1245 887 e
1276 840 1461 888 antea
1500 826 1826 888 venationi
1858 846 2120 910 operam
2161 825 2316 888 dare
2354 849 2730 892 consueve-

723 920 845 971 rata
932 908 1107 972 Idem
1196 923 1219 970 t
1251 909 1577 982 acetaria,
1625 928 1789 990 quos
1821 909 2079 970 consilii
2109 908 2350 992 partici
2391 931 2484 982 es,
2533 911 2726 973 viae-

722 1010 852 1076 que
890 991 1161 1054 comites
1203 988 1490 1071 legerat:
1535 989 1598 1050 in
1635 989 1868 1070 quibus
1913 1001 1975 1057 et
2014 991 2298 1052 Nicanor
2335 933 2492 1064 fixit,
2559 1013 2724 1054 mox

718 1073 1113 1156 praecipuus
1152 1072 1528 1132 amicorum.
1613 1071 1662 1130 li
1715 1089 1858 1132 cum
1895 1071 2170 1154 singulis
2205 1073 2434 1155 pueris
2469 1073 2556 1134 ad
2601 1095 2724 1134 na-

715 1173 891 1225 vem,
938 1173 1101 1234 quae
1136 1152 1216 1212 ad
1253 1149 1491 1213 Ostiam
1517 1147 1731 1222 stabat,
1782 1173 1928 1214 sese
1969 1152 2332 1216 conferunt.
2381 1155 2566 1216 venit
2593 1176 2715 1217 eo-

719 1233 867 1296 dem
906 1234 1321 1306 Demetrius,
1375 1232 1759 1316 reperitque
1795 1235 2239 1314 Menithyllum
2263 1276 2280 1305 ‚
2343 1237 2453 1318 qui
2493 1239 2717 1300 nautis

722 1317 994 1382 obtentu.
1035 1313 1189 1375 novi
1228 1335 1263 1378 a
1301 1333 1457 1396 rege
1496 1315 1776 1376 mandati
1805 1330 2068 1377 excusat
2093 1358 2110 1389 ‚
2180 1315 2353 1400 quod
2397 1317 2546 1400 ipse
2589 1339 2712 1380 ne-

614 1409 622 1420 ’
719 1409 913 1480 queat
948 1393 1332 1458 discedere:
1394 1416 1630 1454 ceterum
1657 1397 1717 1475 fi»
1739 1396 1976 1474 juvenes
2019 1397 2142 1472 istos
2179 1398 2436 1476 probatae
2459 1398 2596 1476 fidei
2629 1401 2707 1460 ad

716 1478 876 1544 illum
912 1480 1148 1536 mittere.
1234 1481 1381 1540 Non
1435 1475 1739 1539 interfuit
1777 1491 2147 1550 nautarum,
2197 1494 2358 1560 quos
2402 1494 2710 1544 vectores

646 1593 651 1605 ·
715 1559 1069 1632 tollerent,
1136 1557 1658 1640 quandoquidem
1715 1555 1796 1620 de
1836 1559 2142 1621 mercede
2189 1559 2350 1622 nihil
2385 1563 2550 1644 ipsis
2593 1563 2711 1624 de-

386 2787 463 2844 ῦ.
488 2803 541 2846 e.
564 2789 690 2859 591.

376 2858 450 2911 A.
474 2859 543 2912 C.
576 2861 691 2914 161.

385 2928 467 2982 M·
500 2927 674 2983 'vale‘

343 2989 455 3059 rio,
474 2997 693 3052 C.Fan-

345 3061 451 3116 nio
474 3064 624 3120 Coff.

398 3133 674 3187 Convivia.

345 3215 468 3258 rum
486 3203 679 3259 luxus.

718 1638 1011 1702 cedebat.
1096 1643 1357 1724 Itaque,
1419 1639 1625 1722 prima
1673 1640 1823 1702 luce
1881 1633 2148 1702 sublatis
2200 1643 2502 1714 ancoris,
2565 1645 2716 1706 vela

715 1719 1040 1794 fecerunt,
1090 1721 1171 1784 de
1209 1720 1556 1784 comitibus
1597 1721 1730 1782 suis
1753 1765 1770 1793 ‚
1814 1740 2078 1805 praeter
2116 1721 2183 1782 id
2209 1764 2224 1795 ,
2290 1723 2461 1806 quod
2497 1747 2531 1784 a
2567 1728 2717 1788 Me-

714 1801 985 1883 nithyllo
1029 1816 1437 1888 acceperant,
1484 1803 1646 1864 nihil
1688 1803 2022 1886 suspicati.
2105 1803 2246 1866 Hac
2282 1804 2515 1866 ‚fraude
2551 1827 2715 1889 qua-

714 1879 1005 2025 triduupti
1046 1885 1243 1959 abiit,
1310 1884 1687 1969 priusquam
1745 1883 1827 1948 de
1882 1885 2036 1969 suga
2079 1886 2401 1949 Demetrii
2451 1886 2712 1950 dubita-

714 1975 851 2026 tum
897 1985 932 2026 e
989 2007 1007 2026 .

749 2097 757 2114 ·
838 2072 1135 2138 XXXVI.
1183 2069 1430 2166 Quinto
1477 2073 1732 2148 demum
1777 2073 1886 2138 die
1931 2089 2189 2139 coactus
2253 2076 2337 2137 ob
2375 2097 2512 2138 eam
2555 2099 2704 2139 rem

716 2165 1022 2228 sanatae,
1088 2153 1238 2237 quia
1288 2155 1556 2218 multum
1612 2156 1872 2218 itineris
1919 2159 2032 2220 ille
2083 2157 2206 2239 jam
2251 2175 2704 2242 praeceperat,

714 2233 980 2296 minime
1017 2237 1545 2318 prosequendum
1581 2237 1708 2300 ess'e
1735 2241 2031 2302 censuit.
2120 2239 2266 2302 Sed'
2288 2239 2455 2302 haud
2495 2241 2705 2303 multo

714 2311 857 2458 post
882 2328 1180 2398 tempore
1216 2315 1317 2378 Ti.
1346 2319 1707 2380 Gracchum
1731 2361 1748 2391 ‚
1812 2322 1883 2384 L.
1917 2321 2260 2384 Lentulum
2287 2363 2302 2394 ‚
2371 2337 2436 2382 et
2472 2323 2700 2383 Servi-

744 2397 877 2457 ium
911 2397 1240 2460 Glauciam
1262 2398 1343 2468 ad
1376 2422 1487 2462 res
1522 2401 1836 2464 Graeciae
1871 2403 2312 2486 inspiciundas
2351 2404 2696 2466 miserunt.

716 2477 804 2539 iis
839 2477 1200 2540 mandatum
1222 2523 1240 2555 ‚
1280 2503 1347 2541 ut
1373 2503 1441 2540 ex
1481 2483 1714 2542 Graecia
1747 2489 1805 2541 iu
1835 2484 2010 2566 Asiam
2041 2487 2444 2561 transjiciet‘ztes
2463 2528 2480 2557 ,
2525 2506 2693 2565 quum

716 2558 953 2623 aliorum
984 2581 1210 2640 regum„
1232 2580 1347 2620 tum
1390 2568 1672 2642 praecipue
1711 2565 1990 2626 Demetrii
2017 2564 2228 2644 consilia
2249 2563 2692 2646 specularentur.

716 2639 953 2704 Datum
1002 2642 1194 2702 etiam
1232 2645 1566 2727 negotium
1619 2641 1745 2714 est,
1809 2665 1872 2704 ut
1921 2635 2106 2728 regum'
2153 2669 2268 2706 cum
2315 2645 2696 2728 Gallograecis

716 2720 1106 2800 controverfi'as
1124 2725 1466 2801 judicarent.
1553 2725 1953 2789 Praesertim
1988 2727 2283 2790 Graccho
2314 2729 2697 2807 injunctum,

718 2823 785 2862 ut
825 2803 909 2864 his
936 2801 1099 2863 rebus
1134 2804 1377 2864 omnibus
1406 2808 1658 2886 praesens
1694 2807 2005 2888 supereffet.
2095 2815 2181 2871 M.
2222 2809 2455 2871 deinde
2495 2811 2696 2872 Vale-

718 2885 859 2945 rius
910 2887 1001 2946 Μ.
1064 2885 1139 2945 F.
1192 2889 1281 2946 M.
1326 2891 1405 2949 N.
1450 2889 1770 2961 Mess'alla,
1843 2891 1914 2952 C.
1951 2892 2234 2954 Fannius
2268 2893 2343 2953 C.
2380 2893 2456 2952 F.
2497 2894 2568 2958 C.
2612 2897 2694 2954 N.

722 2966 955 3028 Strabo
1002 2967 1404 3028 consulatum
1446 2985 1859 3052 acceperunt.
1943 2975 2012 3032 In
2053 2973 2284 3035 horum
2336 2971 2704 3055 magistratu

721 3049 1173 3111 conviviorum
1215 3049 1392 3109 luxui
1444 3050 1700 3112 obviam
1736 3053 1934 3117 itum:
2002 3057 2112 3138 qui
2151 3069 2324 3130 tum,
2395 3069 2464 3116 ut
2494 3055 2697 3116 rebus

722 3130 1062 3214 prosperis
1106 3130 1376 3192 solenne
1412 3129 1534 3206 est,
1577 3133 1644 3192 in
1687 3133 1830 3195 dies
1867 3139 2346 3217 sumptuosior-e
2375 3137 2700 3218 intempe-

722 3213 928 3275 rantia
958 3213 1343 3281 valescebat.
1428 3218 1656 3297 Neque
1700 3216 1810 3276 lex
1851 3217 2089 3290 Orcia,
2153 3240 2340 3301 quam
2384 3217 2702 3280 vicesimo

722 3307 872 3355 ante
912 3315 1077 3355 anno
1124 3295 1195 3356 C.
1238 3294 1478 3356 Orcius
1517 3297 1598 3358 tle
1635 3312 1891 3359 senatus
1935 3301 2252 3361 sententia
2293 3301 2358 3361 in
2411 3299 2704 3361 tribuna-

723 3387 796 3436 tu
825 3377 1082 3449 tulerat,
1129 3390 1395 3438 ruentes
1429 3397 1645 3438 mores
1681 3381 1838 3442 satis
1871 3377 2236 3454 sustinebat,
2285 3382 2531 3443 etiamsi
2555 3400 2698 3439 ser-

723 3471 1026 3518 varetur:
1089 3459 1276 3539 quia,
1340 3479 1612 3522 numero
1645 3472 1890 3521 tantum
1928 3464 2345 3524 convivarum
2390 3461 2690 3534 coercito,

724 3551 1003 3598 ceteram
1048 3538 1381 3620 epularum
1412 3541 1731 3601 luxuriem
1775 3543 1919 3605 s'ine
1953 3543 2145 3606 freno
2183 3545 2543 3628 reliquerat.
2632 3552 2672 3616 j

851 3656 1171 3726 xxxva.
1219 3644 1446 3726 Crevit
1479 3664 1684 3746 igitur
1705 3709 1722 3738 ‚
1769 3680 1840 3727 ut
1875 3687 2070 3750 saepe
2104 3665 2198 3740 fit,
2243 3655 2561 3728 irritatum
2587 3685 2708 3728 re-

728 3740 947 3803 medio
984 3743 1255 3817 malum,
1320 3745 1676 3829 pass'imque
1715 3747 1839 3823 jam
1884 3749 1951 3808 in
1984 3749 2331 3832 pauciores
2379 3745 2710 3812 convivas

726 3822 931 3903 major
958 3823 1287 3907 impensa,
1333 3848 1519 3910 quam
1545 3829 1626 3889 in
1657 3827 1880 3912 plures
1917 3843 2124 3905 antea,
2170 3827 2388 3891 fiebat.
2471 3825 2707 3892 Adeo-

792 4011 941 4080 Cap.
970 4011 1198 4094 XXXV.
1244 4012 1480 4095 Joqeph.
1517 4031 1602 4083 12,
1639 4031 1720 4082 ¹7·
1761 4014 1971 4069 annin.
2004 4017 2109 4084 34,
2143 4015 2200 4072 ὃ.
2247 4013 2455 4086 Polyb.
2553 4016 2722 4090 Cap.

725 4080 985 4137 xxxvl.
1024 4080 1171 4136 Fasti
1195 4079 1389 4154 capnt.
1428 4083 1701 4140 Macrob.
1737 4081 1973 4138 Saturn-
1997 4101 2052 4152 a,
2086 4084 2172 4142 13.

2303 4281 2342 4300 N
