2917 4709
758 203 881 272 ⁶30
904 204 1478 278 FnEmsHEml
1499 208 2336 286 SUPRLEMENTORUM
2352 211 2499 281 Lm.
2520 215 2644 318 XI.

416 415 489 472 U.
522 433 575 472 ο.
606 417 731 488 ὕοι.
756 417 911 502 fuga
940 409 1079 496 ejus
1110 415 1407 478 homiues
1430 461 1447 490 ‚
1515 417 1698 497 cujus
1731 415 1965 478 famam
1998 419 2334 482 celeritate
2377 441 2746 503 praevene-

416 485 492 544 Α·
512 488 579 544 C·
608 491 726 562 ¹⁶⁸1·
754 513 877 562 rat.
960 499 1167 581 Igitur
1196 497 1390 580 paulo
1418 497 1556 582 post
1577 542 1594 573 ‚
1640 501 1921 581 Apamea
1957 520 2085 582 quo
2135 521 2216 562 ue
2247 502 2529 584 potitus,
2591 525 2744 567 cum

753 580 971 646 valido
1014 581 1137 660 jam
1180 580 1473 642 exercitu
1510 576 1844 642 contendit
1879 581 2116 644 Antioc
2165 582 2330 654 iam,
2395 585 2586 668 regni
2633 607 2744 646 ca..

751 676 895 748 put.
973 661 1243 746 Lysias,
1303 674 1479 738 metu
1519 665 1958 723 Romanorum
1997 682 2336 744 opponere
2377 685 2548 731 arma
2597 689 2740 730 non

756 765 991 818 ausus,
1056 743 1127 804 in
1182 743 1418 806 faciem
1470 743 1649 826 pacis
1695 763 1840 806 cum
1885 743 2560 827 Antiocho-procedit
2621 749 2744 810 ob.

742 825 966 889 'viamz
1032 845 1155 886 nec
1206 823 1509 887 admiss'us
1553 825 1622 886 in
1666 839 2123 908 conspectum,
2191 845 2336 888 cum
2379 829 2639 912 pupillo
2709 853 2744 892 a

754 907 891 970 suis
933 905 1249 970 militibus
1282 904 1696 969 interficitur.
1759 904 1848 967 ita
1883 905 2261 970 Demetrius
2301 927 2572 994 regnum
2620 933 2740 998 pa.

749 1000 1009 1052 ternum
1052 988 1215 1052 citra
1255 988 1548 1051 laborem
1587 1001 1951 1071 recuperat.

414 1109 730 1187 nunqu
868 1096 1006 1159 XL.
1052 1095 1304 1157 Eodem
1342 1113 1510 1155 anno
1557 1107 1845 1156 senatum
1895 1097 1984 1156 M.
2021 1096 2424 1176 Pomponius
2462 1112 2736 1178 praetor

380 1195 433 1237 n
466 1185 694 1236 rhetores
752 1173 837 1238 de
868 1176 1131 1262 philoso
1179 1176 1281 1238 his
1320 1189 1513 1258 atque
1555 1175 1935 1242 rhetoribus
1981 1177 2342 1251 consuluit,
2407 1179 2581 1262 quod
2615 1182 2736 1242 sub

379 1253 691 1324 ‘'butum-¹
749 1256 855 1320 his
890 1257 1137 1319 nomini
1184 1277 1261 1317 us
1308 1255 1495 1318 multi
1607 1258 1931 1318 ercenarii
1969 1258 2326 1341 sapientiae
2360 1259 2738 1324 facundiae-

749 1353 877 1421 ‘que
920 1338 1343 1422 profess'ores‚
1386 1275 1790 1417 juvfftutem
1819 1339 2169 1400 Romanam
2215 1355 2586 1423 contemptu
2616 1366 2730 1425 pa-

746 1417 1027 1482 triorum
1060 1417 1495 1481 institutorum
1533 1419 2058 1502 religionumque
2097 1422 2392 1486 imbuere
2425 1422 2727 1485 diceban-

747 1513 877 1564 tur.
960 1502 1063 1565 De
1110 1501 1213 1564 his
1252 1501 1880 1564 senatusconsultum
1907 1501 2146 1564 factum
2181 1502 2288 1577 est,
2335 1525 2398 1564 ut
2429 1505 2528 1566 M.
2559 1507 2732 1565 Pom-

744 1587 939 1662 panius
959 1601 1189 1664 praetor
1210 1585 1692 1655 animadverteret,
1735 1602 2089 1664 cur-aretque,
2139 1583 2288 1674 (li'ei
2314 1585 2642 1666 erepublica
2661 1586 2732 1666 fi.

417 1669 487 1724 U.
518 1685 571 1722 c.
598 1667 721 1739 Soa.
749 1664 919 1746 deque
946 1665 1053 1746 sua
1090 1666 1407 1744 videretur)
1450 1669 1538 1723 uti
1571 1663 1772 1722 Romae
1803 1684 1870 1722 ne
1908 1663 2092 1744 essem.
2178 1669 2255 1727 L.
2291 1667 2534 1729 deinde
2569 1668 2741 1730 Ani-

414 1738 487 1792 Α·
511 1739 721 1826 Οχξρῡ·
751 1747 891 1808 cius
925 1749 1001 1807 L.
1037 1747 1115 1808 F.
1148 1747 1225 1808 L.
1256 1751 1334 1811 N.
1368 1746 1592 1810 Gallus
1614 1787 1632 1818 ‚
1675 1749 1763 1804 Μ.
1803 1747 2145 1810 Cornelius
2175 1751 2246 1810 C.
2275 1751 2352 1811 F.
2390 1751 2460 1810 C.
2493 1755 2570 1812 N.
2609 1755 2738 1814 Ce-

372 1805 722 1930 fi‘ssmcm’
750 1827 983 1912 thegus
1025 1827 1273 1890 ineunt.
1358 1829 1484 1890 His
1519 1825 1896 1888 consulibus
1939 1829 2246 1910 egregiae
2292 1831 2459 1892 vitae
2488 1833 2564 1890 L.
2601 1835 2739 1895 Ae-

372 1912 461 1998 lio
490 1893 707 2000 Cssffe'
748 1909 965 1972 milius
1009 1909 1273 1972 Paullus
1312 1923 1666 1971 extremum
1703 1907 1876 1969 diem
1919 1909 2172 1972 elausit.
2255 1912 2572 1986 Maximae
2613 1913 2735 1976 ho-

621 1982 638 1998 “
745 1990 1030 2054 minibus
1070 1989 1482 2053 admirationi
1517 1991 1913 2052 continentia
1941 1993 2066 2053 viri
2095 1992 2241 2066 fuit,
2285 1993 2480 2076 quod,
2530 2017 2734 2089 quum

742 2072 1109 2138 liberaliter
1138 2072 1400 2158 quidem
1422 2115 1438 2144 ,
1499 2071 1614 2134 sed
1652 2086 1863 2133 tamen
1897 2073 2060 2135 citra
2096 2072 2406 2136 luxuriam
2447 2076 2731 2151 vixiffess

384 2155 723 2218 ‘‚L.Aem1·h·1‘
746 2155 917 2216 unde
970 2155 1090 2217 dos
1126 2155 1314 2215 uxori
1358 2155 1768 2225 solveretur,
1832 2153 1939 2214 vix
1985 2154 2376 2237 reliquerat:
2433 2157 2732 2220 venden-

376 2229 719 2315 Paulli-mors
744 2231 981 2319 disque
1014 2235 1359 2319 mancipiis
1386 2250 1450 2297 et
1480 2235 1885 2318 supellectile
1920 2249 1984 2298 et
2013 2236 2298 2319 praediis
2323 2237 2528 2298 adhuc
2563 2260 2734 2300 non-

370 2313 425 2354 e‘
442 2302 687 2378 ‘¹⁰8'm'·
744 2318 942 2382 nullis
976 2319 1101 2383 fuit
1133 2338 1173 2379 ο
1224 2339 1339 2390 us,
1402 2331 1476 2378 ut
1508 2331 1813 2378 sexcenta
1844 2336 2247 2378 nummorum
2285 2320 2482 2380 millia
2519 2320 2734 2382 confi-

751 2414 1080 2464 cerentur.
1166 2340 1419 2494 {uibus
1454 2396 1762 2460 detractis
1789 2441 1807 2471 ‚
1879 2399 1943 2458 in
1976 2398 2376 2462 haereditate
2421 2421 2552 2460 non
2598 2425 2734 2462 am-

750 2481 923 2566 plius
978 2482 1358 2564 quindecies
1407 2479 1765 2544 sestertium
1811 2479 2202 2543 remanebat.
2276 2479 2534 2564 'Nempe
2583 2503 2730 2546 cum

752 2561 1075 2627 ditiss'imis
1116 2555 1378 2651 populis
1416 2563 1817 2646 regibusque
1841 2561 2017 2623 bello
2053 2564 2463 2645 congressuS‚
2527 2565 2596 2624 c't
2631 2567 2733 2624 in-

751 2644 1054 2708 credibili
1110 2667 1303 2730 opum
1341 2644 1409 2706 vi
1444 2643 1727 2729 potitust,
1797 2644 2113 2702 aerarium
2169 2664 2251 2726 po
2304 2645 2392 2706 uli
2445 2649 2732 2710 Romani

748 2727 1045 2808 pecunia,
1096 2749 1271 2788 suam
1307 2725 1566 2785 domum
1597 2722 1783 2786 laude
1807 2723 2208 2807 locupletare
2247 2667 2500 2804 iiussuit.
2563 2729 2732 2789 Plus

750 2808 893 2867 auri
934 2829 1013 2868 ex
1051 2809 1406 2893 Hispania,
1477 2827 1660 2888 quam
1713 2805 2047 2891 quisquam
2101 2822 2247 2869 ante
2294 2807 2476 2868 illum
2531 2809 2728 2882 alius,

748 2885 1091 2952 advexerat
1140 2891 1207 2950 in
1254 2889 1520 2952 urbem:
1585 2887 2007 2950 Macedonico
2054 2889 2382 2972 triumpho
2423 2891 2528 2950 bis
2581 2891 2733 2951 mil-

721 2969 870 3030 ·lies
914 2973 1175 3034 centies.
1210 2973 1272 3030 in
1316 2970 1631 3031 aerarium
1667 2968 1972 3045 intulerat
1997 3011 2013 3038 ‚
2081 2983 2260 3032 tanto
2301 2971 2364 3030 in
2459 2973 2731 3058 epulum

747 3053 1101 3115 Romanum
1138 3052 1459 3116 beneflcio
1486 3095 1502 3122 ‚
1548 3065 1618 3111 ut
1659 3049 1892 3110 exinde
1927 3051 2238 3112 tributum
2275 2994 2565 3134 pendere
2611 3055 2728 3116 de-

749 3134 1017 3197 sineret.
1102 3141 1328 3220 Neque
1382 3134 1546 3194 male
1599 3131 1940 3214 respondit
2007 3134 2069 3196 ei
2127 3132 2582 3198 benevolentia
2659 3150 2732 3198 et

745 3212 1103 3279 honoribus
1141 3219 1390 3280 civitas.
1458 3214 1698 3312 quippe
1733 3213 2022 3275 maximis
2058 3215 2552 3278 condecoralum
2587 3237 2729 3278 ma-

744 3296 1151 3379 gistratibus,
1218 3301 1364 3382 plus
1414 3311 1605 3375 etiam
1641 3296 1918 3381 impensi
1977 3297 2215 3358 amoris
2269 3295 2724 3362 testificatione

742 3381 1018 3444 ornavit.
1108 3381 1237 3444 Sed
1290 3395 1354 3452 et
1416 3380 1536 3440 alia
1593 3379 1841 3448 omnia,
1915 3399 2078 3474 quae
2125 3378 2422 3441 homines
2473 3379 2717 3442 faventi

740 3465 1039 3527 fortunae
1075 3479 1337 3550 accepta
1372 3463 1591 3526 ferunt
1615 3499 1632 3532 ‚
1679 3457 2043 3522 cumulatim
2081 3461 2143 3522 ei
2179 3463 2520 3527 obvenere.

393 3563 717 3670 fimorupud
866 3591 1029 3652 XLI.
1077 3589 1209 3653 Sub
1254 3587 1449 3649 finem
1488 3587 1696 3654 vitae,
1765 3583 2086 3667 postquam
2122 3585 2354 3650 Veliae
2382 3629 2398 3658 ‚
2455 3603 2578 3668 quo
2631 3605 2724 3649 se

362 3674 530 3753 ΨΜ·
580 3751 587 3758 .
658 3705 677 3726 a
738 3689 819 3738 ex
863 3673 1141 3737 consilio
1177 3670 1577 3735 medicorum
1621 3669 2023 3744 contulerat,
2086 3668 2152 3730 in
2191 3669 2441 3733 secess'u
2475 3681 2540 3731 et
2571 3667 2728 3730 otio

804 3807 1216 3904 c.p.xxxtx.
1248 3831 1522 3890 machab.
1547 3847 1666 3898 1;7.
1705 3829 1830 3884 ων.
1851 3825 2008 3897 Epit.
2046 3827 2504 3884 Euseh.c}1ron.
2565 3827 2732 3899 Cap.

733 3903 851 3958 XL.
888 3895 1134 3956 A.1Gelt.
1162 3903 1248 3965 153
1272 3918 1352 3954 ιι.
1393 3903 1510 3957 Tit.
1532 3899 1782 3968 Adelph.
1813 3901 2054 3956 Terent.
2091 3897 2398 3970 Liv.Epit.
2435 3897 2588 3953 Plut.
2609 3897 2744 3952 Ae-

734 3971 855 4026 mil.
890 3989 939 4024 c.
967 3973 1021 4026 ὅ.
1058 3967 1305 4024 Auctor.
1338 3965 1411 4024 de
1445 3971 1590 4026 viris
1625 3968 1822 4023 illustr.
1863 3965 2070 4034 Polyb.
2109 3976 2168 4020 et
2200 3965 2378 4022 Diod.
2416 3965 2578 4039 apud
2608 3970 2744 4022 Va.

730 4040 840 4094 les.
892 4040 1047 4096 Vell.
1082 4058 1129 4102 ι,
1160 4057 1213 4104 o·
1269 4036 1393 4094 Cic.
1424 4039 1498 4096 de
1525 4039 1641 4094 Off.
1675 4055 1723 4102 a,
1762 4055 1846 4090 aa.
1897 4034 2045 4092 Plin·
2079 4035 2166 4104 33,
2201 4035 2257 4097 3-
2305 4035 2458 4093 Plut.
2493 4035 2746 4105 Aemil-

731 4125 786 4164 ο.
812 4111 901 4180 47.
946 4109 1074 4171 Val.
1096 4108 1245 4166 Max.
1279 4115 1338 4178 45
1362 4111 1496 4185 338.
1569 4109 1714 4183 cap.
1741 4106 1892 4166 xm.
1928 4104 2084 4163 Plut.

2875 545 2877 608 ι
