2917 4709
1023 126 1037 168 (

1268 157 1357 231 Τ.
1458 151 1842 230 L1v11

486 149 637 231 300

481 385 611 474 ibi,
659 387 915 484 egress'i
958 385 1035 458 in
1078 405 1382 478 terram,
1434 360 1675 485 primo
1711 402 1788 457 et
1827 383 2194 458 vastarunt
2219 404 2438 479 agros
2467 394 2674 482 ’pas-U

478 512 620 588 sim
648 563 675 599 ,
746 527 824 582 et
870 509 1331 610 aliquantum
1371 510 1695 611 praedae
1744 508 2216 583 contulerunt
2264 495 2360 579 ad
2402 533 2651 580 naves.

408 651 459 724 9
487 635 658 709 dein
714 633 1007 734 palatos
1070 659 1201 708 eos
1251 635 1498 707 adorti
1541 633 1985 708 Macedones
2011 683 2032 722 ,
2105 631 2307 704 mixti
2359 631 2650 730 pedites

484 760 955 858 equitesque,
998 757 1367 855 fugientes
1390 757 1627 832 effuse
1653 759 1749 830 ad
1775 781 1975 830 mare
1999 755 2394 854 persecuti,
2439 755 2655 852 quin-

368 917 373 928 ·
427 881 432 884 ’
485 901 749 980 gentos
808 883 1045 958 ferme
1100 883 1590 971 occiderunt,
1673 899 1745 954 et
1791 908 1944 958 non
1987 881 2225 952 minus
2273 897 2646 978 ceperunt.

366 1025 454 1072 ¹0
480 1009 643 1079 Nec
686 1006 928 1096 aliud,
1002 1033 1222 1105 quam
1264 1007 1523 1078 ultima
1561 1006 1991 1093 neceffitas,
2041 1030 2268 1101 quum
2316 1005 2652 1104 recipere

431 1156 459 1172 ··
485 1153 567 1201 se
604 1147 765 1206 tuto
803 1129 899 1203 ad
936 1155 1161 1204 nares
1197 1113 1793 1230 prohiberentur,
1851 1127 2134 1228 animos
2168 1127 2473 1201 militum
2499 1133 2654 1200 Ro-

482 1273 889 1344 manorum,
944 1233 1161 1328 sim-ul
1203 1255 1725 1354 desperatione
1771 1254 1914 1328 alia
1952 1253 2236 1342 salutis,
2291 1252 2506 1324 simul
2541 1251 2654 1326 in-

312 1379 319 1386 ’
366 1401 449 1446 ιι
488 1377 894 1475 dignitate,
970 1379 1309 1454 irritavit.
1414 1357 1944 1477 Redintegrata
2003 1380 2079 1450 in
2139 1378 2360 1450 litore.
2403 1400 2654 1475 pugna

483 1499 633 1598 est„
674 1499 1021 1599 adjuvere
1071 1524 1196 1599 et,
1270 1505 1401 1604 qui
1449 1505 1528 1576 in
1562 1505 1873 1577 navibus
1923 1518 2157 1576 erant.
2259 1500 2370 1572 lbi
2409 1499 2652 1574 Mace·

485 1625 769 1720 donum
812 1628 1115 1702 ducenti
1168 1627 1404 1702 ferme
1467 1629 1666 1704 caesi
1690 1657 1715 1724 3
1789 1655 1928 1728 par
1975 1652 2320 1700 numerus
2367 1647 2648 1728 captus.

484 1750 605 1826 Ab
645 1752 1065 1852 Antigonea
1101 1752 1338 1827 clall'is
1390 1731 1804 1855 profectag
1850 1753 1946 1824 ad
1985 1778 2236 1850 agrum
2267 1753 2652 1824 Pallenen-

268 1925 273 1930 -
368 1863 459 1948 aa
485 1901 639 1952 sem
681 1878 1236 1952 exscensionem
1279 1880 1374 1952 ad
1413 1856 1923 1980 populandum
1951 1877 2153 1950 fecit.
2256 1877 2541 1949 Finium
2579 1879 2648 1952 is

485 2025 661 2098 ager
708 2001 1343 2117 Caffzfndrensium
1383 2021 1588 2092 erat,
1639 2004 1858 2102 longe
1901 2001 2363 2074 fertiliss‘imus
2406 2004 2645 2076 omnis

484 2151 689 2216 orae,
747 2151 968 2226 quam
1003 2128 1494 2226 praetervecti
1536 2126 1852 2202 fuerant.
1956 2125 2067 2200 lbi
2091 2132 2454 2199 Eumenes
2500 2151 2644 2216 rex,

483 2375 491 2382 “
540 2374 663 2443 §.3.
705 2379 829 2434 Nec
851 2377 1077 2440 minus,
1118 2377 1296 2446 quam
1326 2379 1393 2434 in
1431 2376 1526 2432 al-

372 2501 376 2509 ,
475 2453 609 2501 turn
655 2465 758 2501 mn
814 2445 1091 2501 nitudine
1121 2445 1284 2500 Atho
1320 2465 1523 2512 mons,

476 2518 753 2570 excurrit
852 2515 1297 2567 Livius-etalii
1345 2533 1522 2589 saepe

476 2584 711 2649 dicunt,
751 2585 841 2641 lin
896 2601 1037 2647 uas,
1077 2589 1522 2650 promontoria,

473 2659 673 2708 terras
706 2655 772 2708 in
812 2671 847 2706 a
879 2661 1007 2707 tum
1040 2652 1307 2709 eminere
1338 2665 1397 2708 et
1415 2674 1521 2710 ex-

372 2778 377 2783 ,
474 2739 735 2781 currere.
793 2720 994 2774 Livius
1028 2721 1131 2786 36,
1167 2723 1251 2786 15,
1282 2721 1339 2776 8.
1394 2724 1517 2777 Ex-

378 2855 381 2858 *
474 2800 756 2856 currente
803 2791 871 2846 in
921 2784 1117 2843 altum
1167 2789 1327 2845 velut
1429 2811 1523 2845 ro-

472 2862 803 2916 montorio.
841 2861 943 2924 37,
978 2859 1038 2912 31
1061 2895 1079 2922 ,
1104 2877 1158 2928 9.
1218 2861 1292 2916 In
1326 2878 1361 2914 a
1394 2867 1521 2914 tum

476 2925 698 3001 lingua
745 2926 916 2982 mille
966 2943 1258 2995 passuum
1306 2948 1520 2984 excur-

1589 2376 1934 2462 prominet,
1973 2377 2066 2433 bis
2093 2379 2159 2434 in
2194 2383 2378 2433 semet
2405 2383 2639 2461 recepto

1593 2465 1793 2510 mari,
1826 2451 1896 2508 in
1929 2450 2051 2502 tria
2085 2453 2508 2510 promuntorm
2544 2446 2640 2500 ἀι-

1591 2517 1919 2589 spergitur.
1940 2519 2113 2572 Anae
2127 2517 2475 2587 proximum
2493 2517 2637 2586 quia

1594 2582 1728 2638 lata
1756 2587 1896 2642 sede
1927 2597 2314 2656 procurrens.
2353 2586 2484 2638 Non
2516 2602 2640 2656 qua

1591 2653 1660 2707 in
1697 2653 1890 2712 altum
1926 2656 2252 2727 prominet,
2301 2669 2410 2706 nec
2441 2655 2508 2708 in
2545 2651 2641 2709 al·

1592 2730 1722 2776 tum
1755 2741 2142 2796 procurrens.
2199 2721 2644 2794 magnitudine

1593 2809 1834 2919 330222
1865 2794 2641 2914 ⁰3³?‚ssr‘11221'21'3231‘i‘33‘1‘3

1592 2893 1788 2983 cuium
1827 2879 2406 2984 ext-leamqssmakerus
2437 2946 2488 2982 a.
2524 2927 2642 2980 Ad-

473 3015 637 3057 rens.
693 2998 848 3050 Mela
878 2991 1102 3067 projici
1130 3006 1187 3051 et
1219 2997 1391 3054 abire
1434 2997 1524 3050 di-

474 3068 578 3120 cit.
601 3085 650 3131 ι,
665 3084 718 3134 7.
745 3063 1187 3120 ‚Promontoria
1208 3075 1370 3123 vaste
1386 3086 1524 3136 pro·

464 3131 637 3209 jecta
676 3135 743 3189 in
794 3131 1007 3187 altum.
1045 3151 1073 3186 a
1097 3163 1113 3195 2
1146 3151 1195 3189 a.
1258 3135 1525 3190 Pallene

403 3240 413 3265 ,
474 3210 609 3258 tota
648 3204 714 3258 in
746 3202 939 3257 altum
975 3201 1124 3257 abit.
1182 3205 1293 3257 Hic
1326 3215 1524 3257 tamen

473 3273 617 3324 mihi
650 3281 953 3340 suspectae
974 3282 1109 3325 sunt
1138 3287 1313 3326 voces
1347 3275 1415 3328 in
1434 3271 1522 3326 al-

438 3369 440 3372 <
474 3347 628 3404 tum,
666 3344 803 3411 quia
830 3354 924 3393 eas
959 3347 1072 3391 tam
1104 3339 1306 3411 paucis
1341 3345 1524 3395 inter-

472 3409 642 3474 iectis
669 3409 859 3480 repeti
889 3425 1002 3468 nou
1034 3407 1210 3461 modo
1233 3409 1405 3480 plane
1437 3411 1526 3461 in-

368 3522 374 3535 .
476 3488 706 3550 gratum
732 3512 747 3540 ‚
800 3493 1003 3529 verum
1052 3477 1225 3530 etiam
1264 3495 1385 3531 non
1422 3495 1526 3530 ne-

475 3545 777 3609 cess'arium
813 3543 906 3597 est.
954 3545 1094 3596 Nam
1125 3549 1397 3602 excurrit
1428 3562 1524 3598 so-

474 3615 596 3668 lum
630 3613 768 3668 satis
802 3623 948 3666 erat.
984 3611 1324 3681 Liv.26‚4a‚
1339 3617 1395 3670 8.
1436 3615 1524 3669 Ab

470 3684 697 3738 intimo
746 3683 885 3736 sinu
928 3680 1259 3752 peninsula
1310 3690 1534 3740 exc-uri

474 3755 580 3807 rit.
619 3754 829 3804 Florus
862 3769 913 3814 2,
937 3756 1101 3818 2,‘19.
1154 3749 1380 3823 Clupea
1402 3755 1528 3824 pri·

473 3837 584 3874 ma
634 3837 670 3872 a
710 3816 946 3872 Punico
977 3815 1158 3874 litore
1193 3824 1367 3892 quasi
1410 3840 1540 3893 arx⁸

475 3896 540 3944 et
586 3883 834 3952 specula
884 3890 1211 3956 procurrit.
1266 3889 1425 3944 Mela
1454 3892 1525 3954 3,

478 3975 531 4010 τι.
600 3957 933 4012 Lusitania
965 3958 1235 4026 primum
1280 3959 1530 4030 ingenti

473 4026 703 4096 impetu
723 4027 788 4084 in
820 4022 1021 4096 altum,
1042 4023 1194 4082 abit.
1228 4037 1340 4090 etc,
1388 4025 1528 4102 Qua

1590 3014 1748 3053 vcro.
1769 2999 2017 3054 Miscell.
2038 3016 2121 3065 ¹7·
2151 2999 2301 3050 hunc
2331 2997 2526 3051 locum
2545 2996 2640 3048 Li..

1591 3066 1673 3119 vii
1720 3067 1904 3120 citans
1951 3066 2149 3120 omisit
2178 3065 2634 3136 magnitudine,

1593 3143 1652 3186 et
1698 3153 1811 3208 pro
1845 3135 2006 3190 Atho
2039 3135 2210 3186 habet
2243 3135 2454 3191 Athos.
2520 3135 2637 3212 Qui

1595 3204 1654 3255 in
1675 3206 2039 3263 nominativo
2057 3203 2212 3257 Atho
2232 3203 2508 3268 dixerint,
2527 3219 2642 3254 nou

1594 3273 1740 3325 scio.
1779 3273 2009 3328 Voss'ius
2043 3291 2094 3326 2.
2127 3271 2200 3326 de
2237 3273 2405 3325 Anal.
2435 3291 2492 3341 7.
2518 3287 2643 3331 non

1592 3337 1828 3394 videtur
1858 3341 2053 3407 aliam,
2135 3357 2264 3392 uam
2299 3340 2468 3406 huius
2501 3340 2641 3402 loci,

1594 3412 2005 3464 auctoritatem
2038 3410 2106 3462 ha
2157 3410 2315 3462 uisse.
2363 3409 2644 3464 DUBER.

1593 3475 1903 3543 Doujatius
1937 3477 2246 3544 existimat,
2292 3475 2648 3534 Chersonesi

1593 3545 1954 3600 Pallenensis
2005 3545 2434 3616 longitudinem
2485 3562 2664 3598 com--

1595 3613 1796 3735 53:333}
1827 3613 2648 3738 ⁶3:⁸12¹2¹i;¹3231¹{÷¹3222⁵5tss;

1798 3716 1816 3749 2
2511 3737 2520 3742 .

1598 3749 2037 3816 sublimitatem,
2076 3750 2376 3821 quomodo
2410 3751 2475 3804 in
2505 3749 2648 3804 alu·-

1598 3818 1874 3876 tudinem
1904 3820 2047 3872 dixit
2073 3820 2204 3884 Liv.
2237 3821 2324 3888 28,
2353 3821 2406 3874 5.
2452 3821 2647 3874 Mons

1599 3895 1688 3943 est
1750 3890 1818 3944 in
1870 3887 2270 3946 altitudinem
2322 3889 2647 3960 ingentem

1599 3959 1948 4015 cacuminis
1991 3955 2161 4013 editi.
2231 3959 2311 4010 Et
2336 3958 2416 4010 ita
2449 3955 2647 4014 altum

1597 4045 1710 4100 pro
1749 4028 1922 4090 coelo
1959 4027 2144 4101 poni,
2203 4026 2484 4100 exemplis
2509 4026 2644 4100 plu-
